<?xml version="1.0" encoding="UTF-8" ?><marc:collection xmlns:marc="http://www.loc.gov/MARC21/slim" xmlns:xsi="http://www.w3.org/2001/XMLSchema-instance" xsi:schemaLocation="http://www.loc.gov/MARC21/slim http://www.loc.gov/standards/marcxml/schema/MARC21slim.xsd">
<marc:record><marc:leader>12185cas a2201837 a 4500</marc:leader>
<marc:controlfield tag="001">ocm41609305 </marc:controlfield>
<marc:controlfield tag="003">OCoLC</marc:controlfield><marc:controlfield tag="005">20231226083644.0</marc:controlfield><marc:controlfield tag="006">m     o  d f      </marc:controlfield><marc:controlfield tag="007">cr an|||||||||</marc:controlfield><marc:controlfield tag="008">990625c19779999dcumr pso i  f0   a0eng c</marc:controlfield><marc:datafield tag="010" ind1=" " ind2=" "><marc:subfield code="a">  2009230080</marc:subfield></marc:datafield><marc:datafield tag="040" ind1=" " ind2=" "><marc:subfield code="a">SJD</marc:subfield><marc:subfield code="b">eng</marc:subfield><marc:subfield code="c">SJD</marc:subfield><marc:subfield code="d">GPO</marc:subfield><marc:subfield code="d">OCLCE</marc:subfield><marc:subfield code="d">OCL</marc:subfield><marc:subfield code="d">OCLCQ</marc:subfield><marc:subfield code="d">OCLCO</marc:subfield><marc:subfield code="d">KEU</marc:subfield><marc:subfield code="d">OCLCQ</marc:subfield><marc:subfield code="d">DLC</marc:subfield><marc:subfield code="d">GPO</marc:subfield><marc:subfield code="d">OCLCF</marc:subfield><marc:subfield code="d">OCLCO</marc:subfield><marc:subfield code="d">GILDS</marc:subfield><marc:subfield code="d">OCLCQ</marc:subfield><marc:subfield code="d">CLU</marc:subfield><marc:subfield code="d">OCLCO</marc:subfield><marc:subfield code="d">OCLCQ</marc:subfield><marc:subfield code="d">OCLCL</marc:subfield></marc:datafield><marc:datafield tag="019" ind1=" " ind2=" "><marc:subfield code="a">593355921</marc:subfield></marc:datafield><marc:datafield tag="022" ind1="0" ind2=" "><marc:subfield code="a">2574-2884</marc:subfield><marc:subfield code="2">1</marc:subfield></marc:datafield><marc:datafield tag="029" ind1="1" ind2=" "><marc:subfield code="a">AU@</marc:subfield><marc:subfield code="b">000044058050</marc:subfield></marc:datafield><marc:datafield tag="029" ind1="1" ind2=" "><marc:subfield code="a">NZ1</marc:subfield><marc:subfield code="b">14777807</marc:subfield></marc:datafield><marc:datafield tag="029" ind1="1" ind2=" "><marc:subfield code="a">NZ1</marc:subfield><marc:subfield code="b">16245389</marc:subfield></marc:datafield><marc:datafield tag="035" ind1=" " ind2=" "><marc:subfield code="a">(OCoLC)41609305</marc:subfield><marc:subfield code="z">(OCoLC)593355921</marc:subfield></marc:datafield><marc:datafield tag="037" ind1=" " ind2=" "><marc:subfield code="a">769-001-00000-0</marc:subfield><marc:subfield code="b">Paper subscription available from: Supt. of Docs., P.O. Box 979050, St. Louis, MO 63197-9000</marc:subfield></marc:datafield><marc:datafield tag="042" ind1=" " ind2=" "><marc:subfield code="a">pcc</marc:subfield><marc:subfield code="a">nsdp</marc:subfield></marc:datafield><marc:datafield tag="043" ind1=" " ind2=" "><marc:subfield code="a">n-us---</marc:subfield></marc:datafield><marc:datafield tag="050" ind1="1" ind2="0"><marc:subfield code="a">ISSN RECORD</marc:subfield></marc:datafield><marc:datafield tag="050" ind1=" " ind2="4"><marc:subfield code="a">KF70</marc:subfield><marc:subfield code="b">.A34</marc:subfield></marc:datafield><marc:datafield tag="074" ind1=" " ind2=" "><marc:subfield code="a">0573-C-01 (online)</marc:subfield></marc:datafield><marc:datafield tag="082" ind1="1" ind2="0"><marc:subfield code="a">342</marc:subfield><marc:subfield code="2">23</marc:subfield></marc:datafield><marc:datafield tag="086" ind1="0" ind2=" "><marc:subfield code="a">AE 2.106/2:</marc:subfield></marc:datafield><marc:datafield tag="049" ind1=" " ind2=" "><marc:subfield code="a">GPOO</marc:subfield></marc:datafield><marc:datafield tag="222" ind1=" " ind2="0"><marc:subfield code="a">Code of federal regulations. LSA, list of CFR sections affected</marc:subfield><marc:subfield code="b">(Online)</marc:subfield></marc:datafield><marc:datafield tag="245" ind1="0" ind2="0"><marc:subfield code="a">Code of federal regulations.</marc:subfield><marc:subfield code="p">LSA, list of CFR sections affected.</marc:subfield></marc:datafield><marc:datafield tag="246" ind1="1" ind2=" "><marc:subfield code="a">LSA, list of CFR sections affected</marc:subfield></marc:datafield><marc:datafield tag="246" ind1="1" ind2=" "><marc:subfield code="a">List of CFR sections affected</marc:subfield></marc:datafield><marc:datafield tag="260" ind1=" " ind2=" "><marc:subfield code="a">Washington, DC :</marc:subfield><marc:subfield code="b">Office of the Federal Register, National Archives and Records Administration :</marc:subfield><marc:subfield code="b">[Supt. of Docs., U.S. G.P.O.]</marc:subfield></marc:datafield><marc:datafield tag="300" ind1=" " ind2=" "><marc:subfield code="a">1 online resource (volumes)</marc:subfield></marc:datafield><marc:datafield tag="310" ind1=" " ind2=" "><marc:subfield code="a">Monthly, with Mar., June, Sept., and Dec. issues being cumulative from Jan.</marc:subfield></marc:datafield><marc:datafield tag="336" ind1=" " ind2=" "><marc:subfield code="a">text</marc:subfield><marc:subfield code="b">txt</marc:subfield><marc:subfield code="2">rdacontent</marc:subfield></marc:datafield><marc:datafield tag="337" ind1=" " ind2=" "><marc:subfield code="a">computer</marc:subfield><marc:subfield code="b">c</marc:subfield><marc:subfield code="2">rdamedia</marc:subfield></marc:datafield><marc:datafield tag="338" ind1=" " ind2=" "><marc:subfield code="a">online resource</marc:subfield><marc:subfield code="b">cr</marc:subfield><marc:subfield code="2">rdacarrier</marc:subfield></marc:datafield><marc:datafield tag="362" ind1="1" ind2=" "><marc:subfield code="a">Print began with: Aug. 1977.</marc:subfield></marc:datafield><marc:datafield tag="500" ind1=" " ind2=" "><marc:subfield code="a">Online coverage begins with: 1997.</marc:subfield></marc:datafield><marc:datafield tag="500" ind1=" " ind2=" "><marc:subfield code="a">Includes U.S.C.-C.F.R. table of authorities.</marc:subfield></marc:datafield><marc:datafield tag="515" ind1=" " ind2=" "><marc:subfield code="a">Mar. cumulation covers Titles 17-27; June cumulation, Titles 28-41; Sept. cumulation, Titles 42-50; Dec. cumulation, Titles 1-16.</marc:subfield></marc:datafield><marc:datafield tag="538" ind1=" " ind2=" "><marc:subfield code="a">Mode of access: Internet from the GPO Access web site. Previously available as of 3/27/2009: http://www.gpoaccess.gov/lsa/index.html.</marc:subfield></marc:datafield><marc:datafield tag="550" ind1=" " ind2=" "><marc:subfield code="a">Prepared by Office of the Federal Register, National Archives and Records Administration.</marc:subfield></marc:datafield><marc:datafield tag="580" ind1=" " ind2=" "><marc:subfield code="a">Recompiled in: Code of federal regulations. List of sections affected.</marc:subfield></marc:datafield><marc:datafield tag="588" ind1=" " ind2=" "><marc:subfield code="a">Description based on: Jan. 1997; title from PDF title page (viewed Mar. 27, 2009).</marc:subfield></marc:datafield><marc:datafield tag="588" ind1=" " ind2=" "><marc:subfield code="a">Latest issue consulted: June 2017.</marc:subfield></marc:datafield><marc:datafield tag="630" ind1="0" ind2="0"><marc:subfield code="a">Code of federal regulations</marc:subfield><marc:subfield code="v">Indexes</marc:subfield><marc:subfield code="v">Periodicals.</marc:subfield></marc:datafield><marc:datafield tag="650" ind1=" " ind2="0"><marc:subfield code="a">Delegated legislation</marc:subfield><marc:subfield code="z">United States</marc:subfield><marc:subfield code="v">Indexes</marc:subfield><marc:subfield code="v">Periodicals.</marc:subfield></marc:datafield><marc:datafield tag="650" ind1=" " ind2="7"><marc:subfield code="a">Delegated legislation.</marc:subfield><marc:subfield code="2">fast</marc:subfield><marc:subfield code="0">(OCoLC)fst00889920</marc:subfield></marc:datafield><marc:datafield tag="651" ind1=" " ind2="7"><marc:subfield code="a">United States.</marc:subfield><marc:subfield code="2">fast</marc:subfield><marc:subfield code="0">(OCoLC)fst01204155</marc:subfield><marc:subfield code="1">https://id.oclc.org/worldcat/entity/E39PBJtxgQXMWqmjMjjwXRHgrq</marc:subfield></marc:datafield><marc:datafield tag="650" ind1=" " ind2="2"><marc:subfield code="a">Legislation.</marc:subfield></marc:datafield><marc:datafield tag="651" ind1=" " ind2="2"><marc:subfield code="a">United States.</marc:subfield><marc:subfield code="0">(DNLM)D014481</marc:subfield></marc:datafield><marc:datafield tag="655" ind1=" " ind2="7"><marc:subfield code="a">Indexes.</marc:subfield><marc:subfield code="2">fast</marc:subfield><marc:subfield code="0">(OCoLC)fst01423761</marc:subfield></marc:datafield><marc:datafield tag="655" ind1=" " ind2="7"><marc:subfield code="a">Periodicals.</marc:subfield><marc:subfield code="2">fast</marc:subfield><marc:subfield code="0">(OCoLC)fst01411641</marc:subfield></marc:datafield><marc:datafield tag="710" ind1="1" ind2=" "><marc:subfield code="a">United States.</marc:subfield><marc:subfield code="b">Office of the Federal Register.</marc:subfield></marc:datafield><marc:datafield tag="710" ind1="1" ind2=" "><marc:subfield code="a">United States.</marc:subfield><marc:subfield code="b">National Archives and Records Administration.</marc:subfield></marc:datafield><marc:datafield tag="776" ind1="0" ind2="8"><marc:subfield code="i">Print version:</marc:subfield><marc:subfield code="t">Code of federal regulations. LSA, list of CFR sections affected</marc:subfield><marc:subfield code="x">2574-2876</marc:subfield><marc:subfield code="w">(DLC)sn 85010253</marc:subfield><marc:subfield code="w">(OCoLC)4509194</marc:subfield></marc:datafield><marc:datafield tag="776" ind1="0" ind2="8"><marc:subfield code="i">Microfiche version:</marc:subfield><marc:subfield code="t">Code of federal regulations. LSA, list of CFR sections affected</marc:subfield><marc:subfield code="w">(DLC)sn 97034744</marc:subfield><marc:subfield code="w">(OCoLC)16146845</marc:subfield></marc:datafield><marc:datafield tag="780" ind1="0" ind2="0"><marc:subfield code="t">Code of Federal regulations. Cumulative list of CFR sections affected</marc:subfield></marc:datafield><marc:datafield tag="787" ind1="1" ind2=" "><marc:subfield code="t">Code of federal regulations. List of sections affected</marc:subfield><marc:subfield code="w">(DLC)  2009230081</marc:subfield><marc:subfield code="w">(OCoLC)317313550</marc:subfield></marc:datafield><marc:datafield tag="856" ind1="4" ind2="0"><marc:subfield code="3">1997-</marc:subfield><marc:subfield code="u">https://purl.fdlp.gov/GPO/LPS3383</marc:subfield><marc:subfield code="7">0</marc:subfield></marc:datafield><marc:datafield tag="856" ind1="4" ind2="0"><marc:subfield code="3">Google, title26 pt.1 sect.1.61-1.169 2006</marc:subfield><marc:subfield code="u">http://books.google.com/books?id=tI-GAAAAMAAJ</marc:subfield></marc:datafield><marc:datafield tag="856" ind1="4" ind2="0"><marc:subfield code="3">Google, index 1992</marc:subfield><marc:subfield code="u">http://books.google.com/books?id=vK-GAAAAMAAJ</marc:subfield></marc:datafield><marc:datafield tag="856" ind1="4" ind2="0"><marc:subfield code="3">Google, title7 pt.210-299 2005</marc:subfield><marc:subfield code="u">http://books.google.com/books?id=SFyFAAAAMAAJ</marc:subfield></marc:datafield><marc:datafield tag="856" ind1="4" ind2="0"><marc:subfield code="3">Google, title32 pt.700-799 2005</marc:subfield><marc:subfield code="u">http://books.google.com/books?id=sBWHAAAAMAAJ</marc:subfield></marc:datafield><marc:datafield tag="856" ind1="4" ind2="0"><marc:subfield code="3">Google, title40 pt.1-49 2004</marc:subfield><marc:subfield code="u">http://books.google.com/books?id=sGCHAAAAMAAJ</marc:subfield></marc:datafield><marc:datafield tag="856" ind1="4" ind2="0"><marc:subfield code="3">Google, title19 pt.0-140 2004</marc:subfield><marc:subfield code="u">http://books.google.com/books?id=ZK2GAAAAMAAJ</marc:subfield></marc:datafield><marc:datafield tag="856" ind1="4" ind2="0"><marc:subfield code="3">Google, title15 pt.0-299 2004</marc:subfield><marc:subfield code="u">http://books.google.com/books?id=eOSGAAAAMAAJ</marc:subfield></marc:datafield><marc:datafield tag="856" ind1="4" ind2="0"><marc:subfield code="3">Google, list1984 dec</marc:subfield><marc:subfield code="u">http://books.google.com/books?id=tESGAAAAMAAJ</marc:subfield></marc:datafield><marc:datafield tag="856" ind1="4" ind2="0"><marc:subfield code="3">Google, title32 pt.1-190 2006</marc:subfield><marc:subfield code="u">http://books.google.com/books?id=tMGGAAAAMAAJ</marc:subfield></marc:datafield><marc:datafield tag="856" ind1="4" ind2="0"><marc:subfield code="3">Google, title3 pt.100-102 1999</marc:subfield><marc:subfield code="u">http://books.google.com/books?id=ppOGAAAAMAAJ</marc:subfield></marc:datafield><marc:datafield tag="856" ind1="4" ind2="0"><marc:subfield code="3">Google, title7 pt.53-209 2004</marc:subfield><marc:subfield code="u">http://books.google.com/books?id=tjeHAAAAMAAJ</marc:subfield></marc:datafield><marc:datafield tag="856" ind1="4" ind2="0"><marc:subfield code="3">Google, title47 pt.80-end 2004</marc:subfield><marc:subfield code="u">http://books.google.com/books?id=_huHAAAAMAAJ</marc:subfield></marc:datafield><marc:datafield tag="856" ind1="4" ind2="0"><marc:subfield code="3">Google, list1975 aug</marc:subfield><marc:subfield code="u">http://books.google.com/books?id=jLeFAAAAMAAJ</marc:subfield></marc:datafield><marc:datafield tag="856" ind1="4" ind2="0"><marc:subfield code="3">Google, title18 pt.400-end 2006</marc:subfield><marc:subfield code="u">http://books.google.com/books?id=fE2HAAAAMAAJ</marc:subfield></marc:datafield><marc:datafield tag="856" ind1="4" ind2="0"><marc:subfield code="3">Google, title41 ch.1-100 2004</marc:subfield><marc:subfield code="u">http://books.google.com/books?id=_-OHAAAAMAAJ</marc:subfield></marc:datafield><marc:datafield tag="856" ind1="4" ind2="0"><marc:subfield code="3">Google, title43 pt.1-999 2004</marc:subfield><marc:subfield code="u">http://books.google.com/books?id=zR-IAAAAMAAJ</marc:subfield></marc:datafield><marc:datafield tag="856" ind1="4" ind2="0"><marc:subfield code="3">Google, title26 pt.30-39 2004</marc:subfield><marc:subfield code="u">http://books.google.com/books?id=geOIAAAAMAAJ</marc:subfield></marc:datafield><marc:datafield tag="856" ind1="4" ind2="0"><marc:subfield code="3">Google, title40 pt.63 sect.63.6580-63.8830 2006</marc:subfield><marc:subfield code="u">http://books.google.com/books?id=O4-HAAAAMAAJ</marc:subfield></marc:datafield><marc:datafield tag="856" ind1="4" ind2="0"><marc:subfield code="3">Google, title26 pt.1 sect 1.908-1.1000 2005</marc:subfield><marc:subfield code="u">http://books.google.com/books?id=iZKGAAAAMAAJ</marc:subfield></marc:datafield><marc:datafield tag="856" ind1="4" ind2="0"><marc:subfield code="3">Google, list1994 sep</marc:subfield><marc:subfield code="u">http://books.google.com/books?id=n5WGAAAAMAAJ</marc:subfield></marc:datafield><marc:datafield tag="856" ind1="4" ind2="0"><marc:subfield code="3">Google, title49 pt.600-999 2004</marc:subfield><marc:subfield code="u">http://books.google.com/books?id=1QeJAAAAMAAJ</marc:subfield></marc:datafield><marc:datafield tag="856" ind1="4" ind2="0"><marc:subfield code="3">Google, title26 pt.1 sect.1.441-1.500 2004</marc:subfield><marc:subfield code="u">http://books.google.com/books?id=c4mHAAAAMAAJ</marc:subfield></marc:datafield><marc:datafield tag="856" ind1="4" ind2="0"><marc:subfield code="3">Google, title41 ch.1-100 2005</marc:subfield><marc:subfield code="u">http://books.google.com/books?id=W_aHAAAAMAAJ</marc:subfield></marc:datafield><marc:datafield tag="856" ind1="4" ind2="0"><marc:subfield code="3">Google, list1980 dec</marc:subfield><marc:subfield code="u">http://books.google.com/books?id=RyqGAAAAMAAJ</marc:subfield></marc:datafield><marc:datafield tag="856" ind1="4" ind2="0"><marc:subfield code="3">Google, title26 pt.600-end 2005</marc:subfield><marc:subfield code="u">http://books.google.com/books?id=92CGAAAAMAAJ</marc:subfield></marc:datafield><marc:datafield tag="856" ind1="4" ind2="0"><marc:subfield code="3">Google, title19 pt.0-140 2006</marc:subfield><marc:subfield code="u">http://books.google.com/books?id=P0-HAAAAMAAJ</marc:subfield></marc:datafield><marc:datafield tag="856" ind1="4" ind2="0"><marc:subfield code="3">Google, list1983 dec</marc:subfield><marc:subfield code="u">http://books.google.com/books?id=8zyGAAAAMAAJ</marc:subfield></marc:datafield><marc:datafield tag="856" ind1="4" ind2="0"><marc:subfield code="3">Google, title26 pt.1 sect.1.501-1.640 2004</marc:subfield><marc:subfield code="u">http://books.google.com/books?id=05KHAAAAMAAJ</marc:subfield></marc:datafield><marc:datafield tag="856" ind1="4" ind2="0"><marc:subfield code="3">Google, title46 pt.500-end 2004</marc:subfield><marc:subfield code="u">http://books.google.com/books?id=xXaJAAAAMAAJ</marc:subfield></marc:datafield><marc:datafield tag="856" ind1="4" ind2="0"><marc:subfield code="3">Google, list1975 aug</marc:subfield><marc:subfield code="u">http://books.google.com/books?id=p7aFAAAAMAAJ</marc:subfield></marc:datafield><marc:datafield tag="856" ind1="4" ind2="0"><marc:subfield code="3">Google, title26 pt.300-499 2006</marc:subfield><marc:subfield code="u">http://books.google.com/books?id=k8SGAAAAMAAJ</marc:subfield></marc:datafield><marc:datafield tag="856" ind1="4" ind2="0"><marc:subfield code="3">Google, list1980 mar</marc:subfield><marc:subfield code="u">http://books.google.com/books?id=zySGAAAAMAAJ</marc:subfield></marc:datafield><marc:datafield tag="856" ind1="4" ind2="0"><marc:subfield code="3">Google, list1976 jan</marc:subfield><marc:subfield code="u">http://books.google.com/books?id=u7uFAAAAMAAJ</marc:subfield></marc:datafield><marc:datafield tag="856" ind1="4" ind2="0"><marc:subfield code="3">Google, title15 pt.0-299 2006</marc:subfield><marc:subfield code="u">http://books.google.com/books?id=KQGHAAAAMAAJ</marc:subfield></marc:datafield><marc:datafield tag="856" ind1="4" ind2="0"><marc:subfield code="3">Google, title41 ch.102-200 2004</marc:subfield><marc:subfield code="u">http://books.google.com/books?id=1e-HAAAAMAAJ</marc:subfield></marc:datafield><marc:datafield tag="856" ind1="4" ind2="0"><marc:subfield code="3">Google, list1998 jan</marc:subfield><marc:subfield code="u">http://books.google.com/books?id=OfaGAAAAMAAJ</marc:subfield></marc:datafield><marc:datafield tag="856" ind1="4" ind2="0"><marc:subfield code="3">Google, list1989 sep</marc:subfield><marc:subfield code="u">http://books.google.com/books?id=YWWGAAAAMAAJ</marc:subfield></marc:datafield><marc:datafield tag="856" ind1="4" ind2="0"><marc:subfield code="3">Google, title34 pt.300-399 2005</marc:subfield><marc:subfield code="u">http://books.google.com/books?id=8Q-IAAAAMAAJ</marc:subfield></marc:datafield><marc:datafield tag="856" ind1="4" ind2="0"><marc:subfield code="3">Google, title14 pt.200-1199 2004</marc:subfield><marc:subfield code="u">http://books.google.com/books?id=8bGGAAAAMAAJ</marc:subfield></marc:datafield><marc:datafield tag="856" ind1="4" ind2="0"><marc:subfield code="3">Google, title40 pt.100-135 2004</marc:subfield><marc:subfield code="u">http://books.google.com/books?id=lcuHAAAAMAAJ</marc:subfield></marc:datafield><marc:datafield tag="856" ind1="4" ind2="0"><marc:subfield code="3">Google, title5 pt.1200-end 2004</marc:subfield><marc:subfield code="u">http://books.google.com/books?id=IyaGAAAAMAAJ</marc:subfield></marc:datafield><marc:datafield tag="856" ind1="4" ind2="0"><marc:subfield code="3">Google, title15 pt.300-799 2005</marc:subfield><marc:subfield code="u">http://books.google.com/books?id=542HAAAAMAAJ</marc:subfield></marc:datafield><marc:datafield tag="856" ind1="4" ind2="0"><marc:subfield code="3">Google, list1998 may</marc:subfield><marc:subfield code="u">http://books.google.com/books?id=X_2GAAAAMAAJ</marc:subfield></marc:datafield><marc:datafield tag="856" ind1="4" ind2="0"><marc:subfield code="3">Google, title40 pt.81-85 2004</marc:subfield><marc:subfield code="u">http://books.google.com/books?id=kxiIAAAAMAAJ</marc:subfield></marc:datafield><marc:datafield tag="856" ind1="4" ind2="0"><marc:subfield code="3">Google, title26 pt.1 sect.1.61-1.169 2004</marc:subfield><marc:subfield code="u">http://books.google.com/books?id=qyCGAAAAMAAJ</marc:subfield></marc:datafield><marc:datafield tag="856" ind1="4" ind2="0"><marc:subfield code="3">Google, title3 1943-1948</marc:subfield><marc:subfield code="u">http://books.google.com/books?id=-7eFAAAAMAAJ</marc:subfield></marc:datafield><marc:datafield tag="856" ind1="4" ind2="0"><marc:subfield code="3">Google, list1997 oct</marc:subfield><marc:subfield code="u">http://books.google.com/books?id=3_CGAAAAMAAJ</marc:subfield></marc:datafield><marc:datafield tag="856" ind1="4" ind2="0"><marc:subfield code="3">Google, title32 pt.191-399 2004</marc:subfield><marc:subfield code="u">http://books.google.com/books?id=9aOGAAAAMAAJ</marc:subfield></marc:datafield><marc:datafield tag="856" ind1="4" ind2="0"><marc:subfield code="3">Google, list1978 jan</marc:subfield><marc:subfield code="u">http://books.google.com/books?id=VReGAAAAMAAJ</marc:subfield></marc:datafield><marc:datafield tag="856" ind1="4" ind2="0"><marc:subfield code="3">Google, title40 pt.64-71 2005</marc:subfield><marc:subfield code="u">http://books.google.com/books?id=4TSHAAAAMAAJ</marc:subfield></marc:datafield><marc:datafield tag="856" ind1="4" ind2="0"><marc:subfield code="3">Google, list1982 mar</marc:subfield><marc:subfield code="u">http://books.google.com/books?id=KS-GAAAAMAAJ</marc:subfield></marc:datafield><marc:datafield tag="856" ind1="4" ind2="0"><marc:subfield code="3">Google, title50 pt.600-end 2004</marc:subfield><marc:subfield code="u">http://books.google.com/books?id=Ak2GAAAAMAAJ</marc:subfield></marc:datafield><marc:datafield tag="856" ind1="4" ind2="0"><marc:subfield code="3">Google, title40 pt.86 sect.86.001-1-end 2004</marc:subfield><marc:subfield code="u">http://books.google.com/books?id=AsSHAAAAMAAJ</marc:subfield></marc:datafield><marc:datafield tag="856" ind1="4" ind2="0"><marc:subfield code="3">Google, title22 pt.1-299 2005</marc:subfield><marc:subfield code="u">http://books.google.com/books?id=PqeGAAAAMAAJ</marc:subfield></marc:datafield><marc:datafield tag="856" ind1="4" ind2="0"><marc:subfield code="3">Google, list1998 mar</marc:subfield><marc:subfield code="u">http://books.google.com/books?id=lvmGAAAAMAAJ</marc:subfield></marc:datafield><marc:datafield tag="856" ind1="4" ind2="0"><marc:subfield code="3">Google, title26 pt.1 sect.1.551-end 2005</marc:subfield><marc:subfield code="u">http://books.google.com/books?id=Fj6GAAAAMAAJ</marc:subfield></marc:datafield><marc:datafield tag="856" ind1="4" ind2="0"><marc:subfield code="3">Google, list1997 aug</marc:subfield><marc:subfield code="u">http://books.google.com/books?id=Ae2GAAAAMAAJ</marc:subfield></marc:datafield><marc:datafield tag="856" ind1="4" ind2="0"><marc:subfield code="3">Google, title6 2005</marc:subfield><marc:subfield code="u">http://books.google.com/books?id=t-GGAAAAMAAJ</marc:subfield></marc:datafield><marc:datafield tag="856" ind1="4" ind2="0"><marc:subfield code="3">Google, title50 sect.17.99(i)-end sect.17.100-end 2004</marc:subfield><marc:subfield code="u">http://books.google.com/books?id=f5SGAAAAMAAJ</marc:subfield></marc:datafield><marc:datafield tag="856" ind1="4" ind2="0"><marc:subfield code="3">Google, title6 2004</marc:subfield><marc:subfield code="u">http://books.google.com/books?id=id-GAAAAMAAJ</marc:subfield></marc:datafield><marc:datafield tag="856" ind1="4" ind2="0"><marc:subfield code="3">Google, title40 pt.266-299 2005</marc:subfield><marc:subfield code="u">http://books.google.com/books?id=z9SHAAAAMAAJ</marc:subfield></marc:datafield><marc:datafield tag="856" ind1="4" ind2="0"><marc:subfield code="3">Google, title26 pt.1 sect.1.170-1.300 2004</marc:subfield><marc:subfield code="u">http://books.google.com/books?id=4XeHAAAAMAAJ</marc:subfield></marc:datafield><marc:datafield tag="856" ind1="4" ind2="0"><marc:subfield code="3">Google, list1994 apr</marc:subfield><marc:subfield code="u">http://books.google.com/books?id=E42GAAAAMAAJ</marc:subfield></marc:datafield><marc:datafield tag="856" ind1="4" ind2="0"><marc:subfield code="3">Google, list1976 dec</marc:subfield><marc:subfield code="u">http://books.google.com/books?id=rcaFAAAAMAAJ</marc:subfield></marc:datafield><marc:datafield tag="856" ind1="4" ind2="0"><marc:subfield code="3">Google, list1976 may</marc:subfield><marc:subfield code="u">http://books.google.com/books?id=076FAAAAMAAJ</marc:subfield></marc:datafield><marc:datafield tag="856" ind1="4" ind2="0"><marc:subfield code="3">Google, title26 pt.1 sect 1.641-1.850 2005</marc:subfield><marc:subfield code="u">http://books.google.com/books?id=n36GAAAAMAAJ</marc:subfield></marc:datafield><marc:datafield tag="856" ind1="4" ind2="0"><marc:subfield code="3">Google, list1994 mar</marc:subfield><marc:subfield code="u">http://books.google.com/books?id=l4uGAAAAMAAJ</marc:subfield></marc:datafield><marc:datafield tag="856" ind1="4" ind2="0"><marc:subfield code="3">Google, title12 pt.500-599 2005</marc:subfield><marc:subfield code="u">http://books.google.com/books?id=02KHAAAAMAAJ</marc:subfield></marc:datafield><marc:datafield tag="856" ind1="4" ind2="0"><marc:subfield code="3">Google, list1987 mar</marc:subfield><marc:subfield code="u">http://books.google.com/books?id=r1WGAAAAMAAJ</marc:subfield></marc:datafield><marc:datafield tag="856" ind1="4" ind2="0"><marc:subfield code="3">Google, list1995 mar</marc:subfield><marc:subfield code="u">http://books.google.com/books?id=FZ-GAAAAMAAJ</marc:subfield></marc:datafield><marc:datafield tag="856" ind1="4" ind2="0"><marc:subfield code="3">Google, title3 1959 suppl.</marc:subfield><marc:subfield code="u">http://books.google.com/books?id=JUOHAAAAMAAJ</marc:subfield></marc:datafield><marc:datafield tag="856" ind1="4" ind2="0"><marc:subfield code="3">Google, list1982 sep</marc:subfield><marc:subfield code="u">http://books.google.com/books?id=TzOGAAAAMAAJ</marc:subfield></marc:datafield><marc:datafield tag="856" ind1="4" ind2="0"><marc:subfield code="3">Google, title11 2004</marc:subfield><marc:subfield code="u">http://books.google.com/books?id=XyKHAAAAMAAJ</marc:subfield></marc:datafield><marc:datafield tag="856" ind1="4" ind2="0"><marc:subfield code="3">Google, title46 pt.166-199 2004</marc:subfield><marc:subfield code="u">http://books.google.com/books?id=K1-IAAAAMAAJ</marc:subfield></marc:datafield><marc:datafield tag="856" ind1="4" ind2="0"><marc:subfield code="3">Google, finding aids 1973</marc:subfield><marc:subfield code="u">http://books.google.com/books?id=kUWHAAAAMAAJ</marc:subfield></marc:datafield><marc:datafield tag="856" ind1="4" ind2="0"><marc:subfield code="3">Google, index 1963</marc:subfield><marc:subfield code="u">http://books.google.com/books?id=ZV2HAAAAMAAJ</marc:subfield></marc:datafield><marc:datafield tag="856" ind1="4" ind2="0"><marc:subfield code="3">Google, list1976 jun</marc:subfield><marc:subfield code="u">http://books.google.com/books?id=HcCFAAAAMAAJ</marc:subfield></marc:datafield><marc:datafield tag="856" ind1="4" ind2="0"><marc:subfield code="3">Google, list1996 feb</marc:subfield><marc:subfield code="u">http://books.google.com/books?id=W8KGAAAAMAAJ</marc:subfield></marc:datafield><marc:datafield tag="856" ind1="4" ind2="0"><marc:subfield code="3">Google, title26 pt.1 sect.1.0-1-1.60 2004</marc:subfield><marc:subfield code="u">http://books.google.com/books?id=U-eHAAAAMAAJ</marc:subfield></marc:datafield><marc:datafield tag="856" ind1="4" ind2="0"><marc:subfield code="3">Google, list1992 mar</marc:subfield><marc:subfield code="u">http://books.google.com/books?id=h3iGAAAAMAAJ</marc:subfield></marc:datafield><marc:datafield tag="856" ind1="4" ind2="0"><marc:subfield code="3">Google, title 29 pt.1927-end 2004</marc:subfield><marc:subfield code="u">http://books.google.com/books?id=R1mGAAAAMAAJ</marc:subfield></marc:datafield><marc:datafield tag="856" ind1="4" ind2="0"><marc:subfield code="3">Google, title38 pt.18-end 2004</marc:subfield><marc:subfield code="u">http://books.google.com/books?id=FymHAAAAMAAJ</marc:subfield></marc:datafield><marc:datafield tag="856" ind1="4" ind2="0"><marc:subfield code="3">Google, title 29 pt.1910 sect.1910.1000-end 2004</marc:subfield><marc:subfield code="u">http://books.google.com/books?id=u_iGAAAAMAAJ</marc:subfield></marc:datafield><marc:datafield tag="856" ind1="4" ind2="0"><marc:subfield code="3">Google, title47 pt.70-79 2006</marc:subfield><marc:subfield code="u">http://books.google.com/books?id=yUWGAAAAMAAJ</marc:subfield></marc:datafield><marc:datafield tag="856" ind1="4" ind2="0"><marc:subfield code="3">Google, list1999 apr</marc:subfield><marc:subfield code="u">http://books.google.com/books?id=mRCHAAAAMAAJ</marc:subfield></marc:datafield><marc:datafield tag="856" ind1="4" ind2="0"><marc:subfield code="3">Google, title 29 pt.1911-1925 2004</marc:subfield><marc:subfield code="u">http://books.google.com/books?id=Yf2GAAAAMAAJ</marc:subfield></marc:datafield><marc:datafield tag="856" ind1="4" ind2="0"><marc:subfield code="3">Google, title30 pt.1-199 2004</marc:subfield><marc:subfield code="u">http://books.google.com/books?id=RUKGAAAAMAAJ</marc:subfield></marc:datafield><marc:datafield tag="856" ind1="4" ind2="0"><marc:subfield code="3">Google, title21 pt.600-799 2006</marc:subfield><marc:subfield code="u">http://books.google.com/books?id=x3iHAAAAMAAJ</marc:subfield></marc:datafield><marc:datafield tag="856" ind1="4" ind2="0"><marc:subfield code="3">Google, title22 pt.1-299 2004</marc:subfield><marc:subfield code="u">http://books.google.com/books?id=ASeGAAAAMAAJ</marc:subfield></marc:datafield><marc:datafield tag="856" ind1="4" ind2="0"><marc:subfield code="3">Google, title22 pt.300-end 2006</marc:subfield><marc:subfield code="u">http://books.google.com/books?id=yYqHAAAAMAAJ</marc:subfield></marc:datafield><marc:datafield tag="856" ind1="4" ind2="0"><marc:subfield code="3">Google, title 29 pt.1911-1925 2006</marc:subfield><marc:subfield code="u">http://books.google.com/books?id=BWKIAAAAMAAJ</marc:subfield></marc:datafield><marc:datafield tag="856" ind1="4" ind2="0"><marc:subfield code="3">Google, title40 pt.100-135 2006</marc:subfield><marc:subfield code="u">http://books.google.com/books?id=CcCHAAAAMAAJ</marc:subfield></marc:datafield><marc:datafield tag="856" ind1="4" ind2="0"><marc:subfield code="3">Google, title48 ch.1 pt.52-99 2005</marc:subfield><marc:subfield code="u">http://books.google.com/books?id=UQ2JAAAAMAAJ</marc:subfield></marc:datafield><marc:datafield tag="994" ind1=" " ind2=" "><marc:subfield code="a">C0</marc:subfield><marc:subfield code="b">GPO</marc:subfield></marc:datafield></marc:record>