
<marc:record><marc:leader>04568cai a2200697 i 4500</marc:leader>
<marc:controlfield tag="001">ocn784938862</marc:controlfield>
<marc:controlfield tag="003">OCoLC</marc:controlfield><marc:controlfield tag="005">20231226083644.0</marc:controlfield><marc:controlfield tag="006">m     o  d f      </marc:controlfield><marc:controlfield tag="007">cr cn|||||||||</marc:controlfield><marc:controlfield tag="008">120409c20119999dcu x w of   f0   a2eng c</marc:controlfield><marc:datafield tag="010" ind1=" " ind2=" "><marc:subfield code="a">  2014230262</marc:subfield></marc:datafield><marc:datafield tag="040" ind1=" " ind2=" "><marc:subfield code="a">ZNL</marc:subfield><marc:subfield code="b">eng</marc:subfield><marc:subfield code="e">rda</marc:subfield><marc:subfield code="e">pn</marc:subfield><marc:subfield code="c">ZNL</marc:subfield><marc:subfield code="d">ZNL</marc:subfield><marc:subfield code="d">OCLCQ</marc:subfield><marc:subfield code="d">GPO</marc:subfield><marc:subfield code="d">DLC</marc:subfield><marc:subfield code="d">COO</marc:subfield><marc:subfield code="d">DLC</marc:subfield><marc:subfield code="d">OCLCF</marc:subfield><marc:subfield code="d">INR</marc:subfield><marc:subfield code="d">OCLCO</marc:subfield><marc:subfield code="d">GPO</marc:subfield><marc:subfield code="d">OCL</marc:subfield><marc:subfield code="d">GPO</marc:subfield><marc:subfield code="d">CUS</marc:subfield><marc:subfield code="d">GILDS</marc:subfield><marc:subfield code="d">DKC</marc:subfield><marc:subfield code="d">ZQP</marc:subfield><marc:subfield code="d">OCLCO</marc:subfield><marc:subfield code="d">OCLCQ</marc:subfield><marc:subfield code="d">OCLCO</marc:subfield><marc:subfield code="d">OCLCA</marc:subfield><marc:subfield code="d">OCLCQ</marc:subfield><marc:subfield code="d">OCLCO</marc:subfield><marc:subfield code="d">GPO</marc:subfield><marc:subfield code="d">OCLCO</marc:subfield><marc:subfield code="d">GPO</marc:subfield><marc:subfield code="d">OCLCO</marc:subfield><marc:subfield code="d">OCLCQ</marc:subfield><marc:subfield code="d">DLC</marc:subfield></marc:datafield><marc:datafield tag="019" ind1=" " ind2=" "><marc:subfield code="a">1239352276</marc:subfield><marc:subfield code="a">1239420109</marc:subfield><marc:subfield code="a">1239483313</marc:subfield><marc:subfield code="a">1239483608</marc:subfield><marc:subfield code="a">1239491684</marc:subfield><marc:subfield code="a">1239498883</marc:subfield><marc:subfield code="a">1239528942</marc:subfield><marc:subfield code="a">1239547818</marc:subfield><marc:subfield code="a">1239560453</marc:subfield><marc:subfield code="a">1239563930</marc:subfield><marc:subfield code="a">1239567392</marc:subfield><marc:subfield code="a">1239573940</marc:subfield><marc:subfield code="a">1239576876</marc:subfield><marc:subfield code="a">1239612880</marc:subfield><marc:subfield code="a">1239612935</marc:subfield><marc:subfield code="a">1241277983</marc:subfield><marc:subfield code="a">1241283289</marc:subfield><marc:subfield code="a">1241294426</marc:subfield><marc:subfield code="a">1241325041</marc:subfield><marc:subfield code="a">1241325361</marc:subfield><marc:subfield code="a">1241325852</marc:subfield><marc:subfield code="a">1241332470</marc:subfield><marc:subfield code="a">1241333752</marc:subfield><marc:subfield code="a">1241354777</marc:subfield><marc:subfield code="a">1241365908</marc:subfield><marc:subfield code="a">1241382429</marc:subfield><marc:subfield code="a">1241382752</marc:subfield><marc:subfield code="a">1241420413</marc:subfield><marc:subfield code="a">1241420504</marc:subfield><marc:subfield code="a">1241422012</marc:subfield></marc:datafield><marc:datafield tag="022" ind1="0" ind2=" "><marc:subfield code="a">2334-3648</marc:subfield><marc:subfield code="2">1</marc:subfield></marc:datafield><marc:datafield tag="035" ind1=" " ind2=" "><marc:subfield code="a">(OCoLC)784938862</marc:subfield><marc:subfield code="z">(OCoLC)1239352276</marc:subfield><marc:subfield code="z">(OCoLC)1239420109</marc:subfield><marc:subfield code="z">(OCoLC)1239483313</marc:subfield><marc:subfield code="z">(OCoLC)1239483608</marc:subfield><marc:subfield code="z">(OCoLC)1239491684</marc:subfield><marc:subfield code="z">(OCoLC)1239498883</marc:subfield><marc:subfield code="z">(OCoLC)1239528942</marc:subfield><marc:subfield code="z">(OCoLC)1239547818</marc:subfield><marc:subfield code="z">(OCoLC)1239560453</marc:subfield><marc:subfield code="z">(OCoLC)1239563930</marc:subfield><marc:subfield code="z">(OCoLC)1239567392</marc:subfield><marc:subfield code="z">(OCoLC)1239573940</marc:subfield><marc:subfield code="z">(OCoLC)1239576876</marc:subfield><marc:subfield code="z">(OCoLC)1239612880</marc:subfield><marc:subfield code="z">(OCoLC)1239612935</marc:subfield><marc:subfield code="z">(OCoLC)1241277983</marc:subfield><marc:subfield code="z">(OCoLC)1241283289</marc:subfield><marc:subfield code="z">(OCoLC)1241294426</marc:subfield><marc:subfield code="z">(OCoLC)1241325041</marc:subfield><marc:subfield code="z">(OCoLC)1241325361</marc:subfield><marc:subfield code="z">(OCoLC)1241325852</marc:subfield><marc:subfield code="z">(OCoLC)1241332470</marc:subfield><marc:subfield code="z">(OCoLC)1241333752</marc:subfield><marc:subfield code="z">(OCoLC)1241354777</marc:subfield><marc:subfield code="z">(OCoLC)1241365908</marc:subfield><marc:subfield code="z">(OCoLC)1241382429</marc:subfield><marc:subfield code="z">(OCoLC)1241382752</marc:subfield><marc:subfield code="z">(OCoLC)1241420413</marc:subfield><marc:subfield code="z">(OCoLC)1241420504</marc:subfield><marc:subfield code="z">(OCoLC)1241422012</marc:subfield></marc:datafield><marc:datafield tag="042" ind1=" " ind2=" "><marc:subfield code="a">pcc</marc:subfield><marc:subfield code="a">nsdp</marc:subfield></marc:datafield><marc:datafield tag="043" ind1=" " ind2=" "><marc:subfield code="a">n-us---</marc:subfield></marc:datafield><marc:datafield tag="050" ind1="1" ind2="0"><marc:subfield code="a">ISSN RECORD</marc:subfield></marc:datafield><marc:datafield tag="074" ind1=" " ind2=" "><marc:subfield code="a">0577-A-02 (online)</marc:subfield></marc:datafield><marc:datafield tag="082" ind1="0" ind2="0"><marc:subfield code="a">353</marc:subfield><marc:subfield code="2">23</marc:subfield></marc:datafield><marc:datafield tag="086" ind1="0" ind2=" "><marc:subfield code="a">AE 2.108/2-2:</marc:subfield></marc:datafield><marc:datafield tag="049" ind1=" " ind2=" "><marc:subfield code="a">GPOO</marc:subfield></marc:datafield><marc:datafield tag="130" ind1="0" ind2=" "><marc:subfield code="a">United States government manual (Washington, D.C. : 1973)</marc:subfield></marc:datafield><marc:datafield tag="222" ind1=" " ind2="4"><marc:subfield code="a">The United States government manual</marc:subfield><marc:subfield code="b">(Washington, D.C. 1973. Updating website)</marc:subfield></marc:datafield><marc:datafield tag="245" ind1="1" ind2="4"><marc:subfield code="a">The United States government manual.</marc:subfield></marc:datafield><marc:datafield tag="246" ind1="1" ind2=" "><marc:subfield code="i">Also known as:</marc:subfield><marc:subfield code="a">U.S. government manual</marc:subfield></marc:datafield><marc:datafield tag="246" ind1="1" ind2=" "><marc:subfield code="i">Also known as:</marc:subfield><marc:subfield code="a">USGM</marc:subfield></marc:datafield><marc:datafield tag="246" ind1="1" ind2=" "><marc:subfield code="i">Also known as:</marc:subfield><marc:subfield code="a">Government manual</marc:subfield></marc:datafield><marc:datafield tag="264" ind1=" " ind2="1"><marc:subfield code="a">[Washington, D.C.] :</marc:subfield><marc:subfield code="b">Office of the Federal Register, National Archives and Records Administration :</marc:subfield><marc:subfield code="b">U.S. Government Printing Office</marc:subfield></marc:datafield><marc:datafield tag="300" ind1=" " ind2=" "><marc:subfield code="a">1 online resource</marc:subfield></marc:datafield><marc:datafield tag="310" ind1=" " ind2=" "><marc:subfield code="a">Updated irregularly</marc:subfield></marc:datafield><marc:datafield tag="336" ind1=" " ind2=" "><marc:subfield code="a">text</marc:subfield><marc:subfield code="b">txt</marc:subfield><marc:subfield code="2">rdacontent</marc:subfield></marc:datafield><marc:datafield tag="337" ind1=" " ind2=" "><marc:subfield code="a">computer</marc:subfield><marc:subfield code="b">c</marc:subfield><marc:subfield code="2">rdamedia</marc:subfield></marc:datafield><marc:datafield tag="338" ind1=" " ind2=" "><marc:subfield code="a">online resource</marc:subfield><marc:subfield code="b">cr</marc:subfield><marc:subfield code="2">rdacarrier</marc:subfield></marc:datafield><marc:datafield tag="362" ind1="1" ind2=" "><marc:subfield code="a">Began in: 2011.</marc:subfield></marc:datafield><marc:datafield tag="500" ind1=" " ind2=" "><marc:subfield code="a">This interface for the the most current edition of The U.S. Government Manual, the official handbook of the U.S. Federal Government, may be searched by keyword or browsed by categories of government agencies. Content is updated &quot;on an as-needed basis.&quot;</marc:subfield></marc:datafield><marc:datafield tag="520" ind1=" " ind2=" "><marc:subfield code="a">&quot;The Government Manual provides comprehensive and authoritative information on the legislative, judicial, and executive branches. It also includes information on quasi-official agencies, international organizations with U.S. membership, and Federal boards, commissions, and committees&quot;--About us file.</marc:subfield></marc:datafield><marc:datafield tag="588" ind1="0" ind2=" "><marc:subfield code="a">Version last updated August 27, 2013; title from web page (viewed March 20, 2014).</marc:subfield></marc:datafield><marc:datafield tag="650" ind1=" " ind2="0"><marc:subfield code="a">Executive departments</marc:subfield><marc:subfield code="z">United States</marc:subfield><marc:subfield code="v">Handbooks, manuals, etc.</marc:subfield></marc:datafield><marc:datafield tag="650" ind1=" " ind2="0"><marc:subfield code="a">Administrative agencies</marc:subfield><marc:subfield code="z">United States</marc:subfield><marc:subfield code="v">Handbooks, manuals, etc.</marc:subfield></marc:datafield><marc:datafield tag="650" ind1=" " ind2="0"><marc:subfield code="a">Courts</marc:subfield><marc:subfield code="z">United States</marc:subfield><marc:subfield code="v">Handbooks, manuals, etc.</marc:subfield></marc:datafield><marc:datafield tag="651" ind1=" " ind2="0"><marc:subfield code="a">United States</marc:subfield><marc:subfield code="x">Politics and government</marc:subfield><marc:subfield code="v">Handbooks, manuals, etc.</marc:subfield></marc:datafield><marc:datafield tag="650" ind1=" " ind2="7"><marc:subfield code="a">Administrative agencies.</marc:subfield><marc:subfield code="2">fast</marc:subfield><marc:subfield code="0">(OCoLC)fst00796723</marc:subfield></marc:datafield><marc:datafield tag="650" ind1=" " ind2="7"><marc:subfield code="a">Courts.</marc:subfield><marc:subfield code="2">fast</marc:subfield><marc:subfield code="0">(OCoLC)fst00881747</marc:subfield></marc:datafield><marc:datafield tag="650" ind1=" " ind2="7"><marc:subfield code="a">Executive departments.</marc:subfield><marc:subfield code="2">fast</marc:subfield><marc:subfield code="0">(OCoLC)fst00917803</marc:subfield></marc:datafield><marc:datafield tag="650" ind1=" " ind2="7"><marc:subfield code="a">Politics and government</marc:subfield><marc:subfield code="2">fast</marc:subfield><marc:subfield code="0">(OCoLC)fst01919741</marc:subfield></marc:datafield><marc:datafield tag="651" ind1=" " ind2="7"><marc:subfield code="a">United States.</marc:subfield><marc:subfield code="2">fast</marc:subfield><marc:subfield code="0">(OCoLC)fst01204155</marc:subfield></marc:datafield><marc:datafield tag="655" ind1=" " ind2="0"><marc:subfield code="a">Government publications</marc:subfield></marc:datafield><marc:datafield tag="655" ind1=" " ind2="7"><marc:subfield code="a">Handbooks and manuals.</marc:subfield><marc:subfield code="2">fast</marc:subfield><marc:subfield code="0">(OCoLC)fst01423877</marc:subfield></marc:datafield><marc:datafield tag="655" ind1=" " ind2="7"><marc:subfield code="a">Web sites.</marc:subfield><marc:subfield code="2">gtlm</marc:subfield></marc:datafield><marc:datafield tag="655" ind1=" " ind2="7"><marc:subfield code="a">Internet resources.</marc:subfield><marc:subfield code="2">gtlm</marc:subfield></marc:datafield><marc:datafield tag="655" ind1=" " ind2="7"><marc:subfield code="a">Handbooks and manuals.</marc:subfield><marc:subfield code="2">lcgft</marc:subfield></marc:datafield><marc:datafield tag="710" ind1="1" ind2=" "><marc:subfield code="a">United States.</marc:subfield><marc:subfield code="b">Office of the Federal Register,</marc:subfield><marc:subfield code="e">issuing body.</marc:subfield></marc:datafield><marc:datafield tag="710" ind1="1" ind2=" "><marc:subfield code="a">United States.</marc:subfield><marc:subfield code="b">Government Printing Office,</marc:subfield><marc:subfield code="e">issuing body.</marc:subfield></marc:datafield><marc:datafield tag="775" ind1="0" ind2="8"><marc:subfield code="i">Archived version:</marc:subfield><marc:subfield code="t">United States government manual</marc:subfield><marc:subfield code="w">(OCoLC)928453889</marc:subfield></marc:datafield><marc:datafield tag="776" ind1="0" ind2="8"><marc:subfield code="i">Online serial version:</marc:subfield><marc:subfield code="t">United States government manual (Washington, D.C. : 1973)</marc:subfield><marc:subfield code="x">1949-7717</marc:subfield><marc:subfield code="w">(DLC)  2009231050</marc:subfield><marc:subfield code="w">(OCoLC)41031145</marc:subfield></marc:datafield><marc:datafield tag="776" ind1="0" ind2="8"><marc:subfield code="i">Print serial version, 1973/74-2013:</marc:subfield><marc:subfield code="t">United States government manual (Washington, D.C. : 1973)</marc:subfield><marc:subfield code="x">0092-1904</marc:subfield><marc:subfield code="w">(DLC)   73646537</marc:subfield><marc:subfield code="w">(OCoLC)1788884</marc:subfield></marc:datafield><marc:datafield tag="856" ind1="4" ind2="0"><marc:subfield code="u">http://purl.fdlp.gov/GPO/gpo45477</marc:subfield><marc:subfield code="7">0</marc:subfield></marc:datafield><marc:datafield tag="856" ind1="4" ind2=" "><marc:subfield code="u">http://www.usgovernmentmanual.gov/</marc:subfield></marc:datafield><marc:datafield tag="994" ind1=" " ind2=" "><marc:subfield code="a">C0</marc:subfield><marc:subfield code="b">GPO</marc:subfield></marc:datafield></marc:record>