
<marc:record><marc:leader>05382cas a2200949 a 4500</marc:leader>
<marc:controlfield tag="001">ocm01768407 </marc:controlfield>
<marc:controlfield tag="003">OCoLC</marc:controlfield><marc:controlfield tag="005">20231226083644.0</marc:controlfield><marc:controlfield tag="008">751101d19191999dcufr    v   f0   a0eng c</marc:controlfield><marc:datafield tag="010" ind1=" " ind2=" "><marc:subfield code="a">   20026411 </marc:subfield></marc:datafield><marc:datafield tag="040" ind1=" " ind2=" "><marc:subfield code="a">MUL</marc:subfield><marc:subfield code="b">eng</marc:subfield><marc:subfield code="c">MUL</marc:subfield><marc:subfield code="d">COO</marc:subfield><marc:subfield code="d">IUL</marc:subfield><marc:subfield code="d">GPO</marc:subfield><marc:subfield code="d">NYG</marc:subfield><marc:subfield code="d">GPO</marc:subfield><marc:subfield code="d">DLC</marc:subfield><marc:subfield code="d">OCL</marc:subfield><marc:subfield code="d">GPO</marc:subfield><marc:subfield code="d">DLC</marc:subfield><marc:subfield code="d">GPO</marc:subfield><marc:subfield code="d">HUL</marc:subfield><marc:subfield code="d">GPO</marc:subfield><marc:subfield code="d">NSD</marc:subfield><marc:subfield code="d">GPO</marc:subfield><marc:subfield code="d">NST</marc:subfield><marc:subfield code="d">GPO</marc:subfield><marc:subfield code="d">NST</marc:subfield><marc:subfield code="d">GPO</marc:subfield><marc:subfield code="d">DLC</marc:subfield><marc:subfield code="d">SYS</marc:subfield><marc:subfield code="d">GPO</marc:subfield><marc:subfield code="d">NYP</marc:subfield><marc:subfield code="d">GPO</marc:subfield><marc:subfield code="d">SLU</marc:subfield><marc:subfield code="d">UMG</marc:subfield><marc:subfield code="d">NSD</marc:subfield><marc:subfield code="d">BUF</marc:subfield><marc:subfield code="d">U9S</marc:subfield><marc:subfield code="d">KRTAS</marc:subfield><marc:subfield code="d">AMAZN</marc:subfield><marc:subfield code="d">OCLCQ</marc:subfield><marc:subfield code="d">OCLCF</marc:subfield><marc:subfield code="d">YLS</marc:subfield><marc:subfield code="d">OCL</marc:subfield><marc:subfield code="d">CUS</marc:subfield><marc:subfield code="d">MYTML</marc:subfield><marc:subfield code="d">OCL</marc:subfield><marc:subfield code="d">LRP</marc:subfield><marc:subfield code="d">OCLCQ</marc:subfield><marc:subfield code="d">CSJ</marc:subfield><marc:subfield code="d">OCLCO</marc:subfield><marc:subfield code="d">OCLCQ</marc:subfield><marc:subfield code="d">GILDS</marc:subfield><marc:subfield code="d">UKMGB</marc:subfield><marc:subfield code="d">CBA</marc:subfield><marc:subfield code="d">TYC</marc:subfield><marc:subfield code="d">OCLCO</marc:subfield><marc:subfield code="d">OCLCQ</marc:subfield><marc:subfield code="d">LWA</marc:subfield><marc:subfield code="d">OCLCL</marc:subfield></marc:datafield><marc:datafield tag="012" ind1=" " ind2=" "><marc:subfield code="a">3</marc:subfield><marc:subfield code="i">8612</marc:subfield></marc:datafield><marc:datafield tag="016" ind1="7" ind2=" "><marc:subfield code="a">003723457</marc:subfield><marc:subfield code="2">Uk</marc:subfield></marc:datafield><marc:datafield tag="019" ind1=" " ind2=" "><marc:subfield code="a">179963</marc:subfield><marc:subfield code="a">6910174</marc:subfield><marc:subfield code="a">183312567</marc:subfield><marc:subfield code="a">605243125</marc:subfield><marc:subfield code="a">911870373</marc:subfield><marc:subfield code="a">960241464</marc:subfield><marc:subfield code="a">1011754868</marc:subfield><marc:subfield code="a">1017362003</marc:subfield><marc:subfield code="a">1049453018</marc:subfield><marc:subfield code="a">1061167355</marc:subfield></marc:datafield><marc:datafield tag="022" ind1="0" ind2=" "><marc:subfield code="a">0891-7515</marc:subfield><marc:subfield code="l">0891-7515</marc:subfield><marc:subfield code="2">1</marc:subfield></marc:datafield><marc:datafield tag="029" ind1="1" ind2=" "><marc:subfield code="a">AU@</marc:subfield><marc:subfield code="b">000001374020</marc:subfield></marc:datafield><marc:datafield tag="029" ind1="1" ind2=" "><marc:subfield code="a">AU@</marc:subfield><marc:subfield code="b">000050749611</marc:subfield></marc:datafield><marc:datafield tag="029" ind1="1" ind2=" "><marc:subfield code="a">UKMGB</marc:subfield><marc:subfield code="b">003723457</marc:subfield></marc:datafield><marc:datafield tag="035" ind1=" " ind2=" "><marc:subfield code="a">(OCoLC)1768407</marc:subfield><marc:subfield code="z">(OCoLC)179963</marc:subfield><marc:subfield code="z">(OCoLC)6910174</marc:subfield><marc:subfield code="z">(OCoLC)183312567</marc:subfield><marc:subfield code="z">(OCoLC)605243125</marc:subfield><marc:subfield code="z">(OCoLC)911870373</marc:subfield><marc:subfield code="z">(OCoLC)960241464</marc:subfield><marc:subfield code="z">(OCoLC)1011754868</marc:subfield><marc:subfield code="z">(OCoLC)1017362003</marc:subfield><marc:subfield code="z">(OCoLC)1049453018</marc:subfield><marc:subfield code="z">(OCoLC)1061167355</marc:subfield></marc:datafield><marc:datafield tag="042" ind1=" " ind2=" "><marc:subfield code="a">pcc</marc:subfield><marc:subfield code="a">nsdp</marc:subfield></marc:datafield><marc:datafield tag="043" ind1=" " ind2=" "><marc:subfield code="a">n-us---</marc:subfield></marc:datafield><marc:datafield tag="050" ind1="0" ind2="0"><marc:subfield code="a">KF1606.A2</marc:subfield><marc:subfield code="b">U545</marc:subfield></marc:datafield><marc:datafield tag="050" ind1="1" ind2="4"><marc:subfield code="a">HD2775</marc:subfield><marc:subfield code="b">.F33</marc:subfield></marc:datafield><marc:datafield tag="074" ind1=" " ind2=" "><marc:subfield code="a">0534</marc:subfield></marc:datafield><marc:datafield tag="074" ind1=" " ind2=" "><marc:subfield code="a">0534 (online)</marc:subfield></marc:datafield><marc:datafield tag="082" ind1="0" ind2="4"><marc:subfield code="a">343.73/07/02646</marc:subfield><marc:subfield code="a">347.303702646</marc:subfield><marc:subfield code="2">19</marc:subfield></marc:datafield><marc:datafield tag="086" ind1="0" ind2=" "><marc:subfield code="a">FT 1.11:</marc:subfield></marc:datafield><marc:datafield tag="049" ind1=" " ind2=" "><marc:subfield code="a">GPOO</marc:subfield></marc:datafield><marc:datafield tag="110" ind1="1" ind2=" "><marc:subfield code="a">United States.</marc:subfield><marc:subfield code="b">Federal Trade Commission.</marc:subfield></marc:datafield><marc:datafield tag="210" ind1="0" ind2=" "><marc:subfield code="a">Fed. Trade Comm. decis.</marc:subfield></marc:datafield><marc:datafield tag="222" ind1=" " ind2="0"><marc:subfield code="a">Federal Trade Commission decisions</marc:subfield></marc:datafield><marc:datafield tag="245" ind1="1" ind2="0"><marc:subfield code="a">Federal Trade Commission decisions.</marc:subfield></marc:datafield><marc:datafield tag="260" ind1=" " ind2=" "><marc:subfield code="a">Washington :</marc:subfield><marc:subfield code="b">For sale by the Supt. of Docs., U.S. G.P.O.,</marc:subfield><marc:subfield code="c">1920-</marc:subfield></marc:datafield><marc:datafield tag="300" ind1=" " ind2=" "><marc:subfield code="a">128 volumes ;</marc:subfield><marc:subfield code="c">23 cm</marc:subfield></marc:datafield><marc:datafield tag="310" ind1=" " ind2=" "><marc:subfield code="a">Semiannual,</marc:subfield><marc:subfield code="b">Jan. 1994-</marc:subfield></marc:datafield><marc:datafield tag="321" ind1=" " ind2=" "><marc:subfield code="a">Frequency varies,</marc:subfield><marc:subfield code="b">19 -Dec. 1993</marc:subfield></marc:datafield><marc:datafield tag="336" ind1=" " ind2=" "><marc:subfield code="a">text</marc:subfield><marc:subfield code="b">txt</marc:subfield><marc:subfield code="2">rdacontent</marc:subfield></marc:datafield><marc:datafield tag="337" ind1=" " ind2=" "><marc:subfield code="a">unmediated</marc:subfield><marc:subfield code="b">n</marc:subfield><marc:subfield code="2">rdamedia</marc:subfield></marc:datafield><marc:datafield tag="338" ind1=" " ind2=" "><marc:subfield code="a">volume</marc:subfield><marc:subfield code="b">nc</marc:subfield><marc:subfield code="2">rdacarrier</marc:subfield></marc:datafield><marc:datafield tag="362" ind1="0" ind2=" "><marc:subfield code="a">Vol. 1 (Mar. 16, 1915 to June 30, 1919)-</marc:subfield></marc:datafield><marc:datafield tag="362" ind1="1" ind2=" "><marc:subfield code="a">Ceased with v. 128 (July 1, 1999-Dec. 31, 1999).</marc:subfield></marc:datafield><marc:datafield tag="515" ind1=" " ind2=" "><marc:subfield code="a">Vol. 112 issued in a corrected ed.</marc:subfield></marc:datafield><marc:datafield tag="525" ind1=" " ind2=" "><marc:subfield code="a">Supplements accompany some volumes.</marc:subfield></marc:datafield><marc:datafield tag="530" ind1=" " ind2=" "><marc:subfield code="a">Some issues also available via the Internet from the FTC web site. Address as of 05/25/07: http://www.ftc.gov/os/decisions/index.shtm; current access is available via PURL. Beginning with v. 129 (Jan.-June 2000), available in online format only.</marc:subfield></marc:datafield><marc:datafield tag="530" ind1=" " ind2=" "><marc:subfield code="a">Also issued online.</marc:subfield></marc:datafield><marc:datafield tag="550" ind1=" " ind2=" "><marc:subfield code="a">Volumes for 1970-1975 compiled by: the Rules and Publications Section; 1976-1978 by: the Rules and Publications Branch; 1979-1981 by: the Editorial/Publishing Services Branch; 1982-1983 by: the Publishing Section of the Division of Administrative Services; 1984-19 by: Information Management Branch of the Office of the Deputy Executive Director for Planning and Information; &lt;1994&gt;-1995 by: Information Management Team of the Office of Information and Technology Management; 1996-&lt;1999&gt; by: Commission Services Branch of the Office of the Secretary.</marc:subfield></marc:datafield><marc:datafield tag="555" ind1=" " ind2=" "><marc:subfield code="a">Index-digest: Vols. 1 (1915-1919)-3 (1920-1921). 1 v.</marc:subfield></marc:datafield><marc:datafield tag="580" ind1=" " ind2=" "><marc:subfield code="a">Continued by online version.</marc:subfield></marc:datafield><marc:datafield tag="588" ind1="1" ind2=" "><marc:subfield code="a">Vol. 121 (Jan. 1, 1996 to June 30, 1996).</marc:subfield></marc:datafield><marc:datafield tag="650" ind1=" " ind2="0"><marc:subfield code="a">Competition, Unfair</marc:subfield><marc:subfield code="z">United States</marc:subfield><marc:subfield code="v">Cases.</marc:subfield></marc:datafield><marc:datafield tag="650" ind1=" " ind2="0"><marc:subfield code="a">Trade regulation</marc:subfield><marc:subfield code="z">United States</marc:subfield><marc:subfield code="v">Cases.</marc:subfield></marc:datafield><marc:datafield tag="650" ind1=" " ind2="0"><marc:subfield code="a">Restraint of trade</marc:subfield><marc:subfield code="z">United States</marc:subfield><marc:subfield code="v">Cases.</marc:subfield></marc:datafield><marc:datafield tag="650" ind1=" " ind2="6"><marc:subfield code="a">Etats-Unis. Federal Trade Commission</marc:subfield><marc:subfield code="x">Droit</marc:subfield><marc:subfield code="x">Jurisprudence.</marc:subfield></marc:datafield><marc:datafield tag="650" ind1=" " ind2="6"><marc:subfield code="a">Droit commercial</marc:subfield><marc:subfield code="z">Etats-Unis</marc:subfield><marc:subfield code="x">Jurisprudence.</marc:subfield></marc:datafield><marc:datafield tag="650" ind1=" " ind2="7"><marc:subfield code="a">Competition, Unfair.</marc:subfield><marc:subfield code="2">fast</marc:subfield><marc:subfield code="0">(OCoLC)fst00871522</marc:subfield></marc:datafield><marc:datafield tag="650" ind1=" " ind2="7"><marc:subfield code="a">Restraint of trade.</marc:subfield><marc:subfield code="2">fast</marc:subfield><marc:subfield code="0">(OCoLC)fst01096014</marc:subfield></marc:datafield><marc:datafield tag="650" ind1=" " ind2="7"><marc:subfield code="a">Trade regulation.</marc:subfield><marc:subfield code="2">fast</marc:subfield><marc:subfield code="0">(OCoLC)fst01153817</marc:subfield></marc:datafield><marc:datafield tag="651" ind1=" " ind2="7"><marc:subfield code="a">United States.</marc:subfield><marc:subfield code="2">fast</marc:subfield><marc:subfield code="0">(OCoLC)fst01204155</marc:subfield><marc:subfield code="1">https://id.oclc.org/worldcat/entity/E39PBJtxgQXMWqmjMjjwXRHgrq</marc:subfield></marc:datafield><marc:datafield tag="655" ind1=" " ind2="0"><marc:subfield code="a">Electronic journals.</marc:subfield></marc:datafield><marc:datafield tag="655" ind1=" " ind2="4"><marc:subfield code="a">Cases.</marc:subfield></marc:datafield><marc:datafield tag="655" ind1=" " ind2="7"><marc:subfield code="a">Periodicals.</marc:subfield><marc:subfield code="2">fast</marc:subfield><marc:subfield code="0">(OCoLC)fst01411641</marc:subfield></marc:datafield><marc:datafield tag="655" ind1=" " ind2="7"><marc:subfield code="a">Administrative decisions.</marc:subfield><marc:subfield code="2">fast</marc:subfield><marc:subfield code="0">(OCoLC)fst01774230</marc:subfield></marc:datafield><marc:datafield tag="655" ind1=" " ind2="7"><marc:subfield code="a">Trials, litigation, etc.</marc:subfield><marc:subfield code="2">fast</marc:subfield><marc:subfield code="0">(OCoLC)fst01423712</marc:subfield></marc:datafield><marc:datafield tag="655" ind1=" " ind2="7"><marc:subfield code="a">Administrative decisions.</marc:subfield><marc:subfield code="2">lcgft</marc:subfield></marc:datafield><marc:datafield tag="710" ind1="1" ind2=" "><marc:subfield code="a">United States.</marc:subfield><marc:subfield code="b">Federal Trade Commission.</marc:subfield><marc:subfield code="b">Rules and Publications Section.</marc:subfield></marc:datafield><marc:datafield tag="710" ind1="1" ind2=" "><marc:subfield code="a">United States.</marc:subfield><marc:subfield code="b">Federal Trade Commission.</marc:subfield><marc:subfield code="b">Rules and Publications Branch.</marc:subfield></marc:datafield><marc:datafield tag="710" ind1="1" ind2=" "><marc:subfield code="a">United States.</marc:subfield><marc:subfield code="b">Federal Trade Commission.</marc:subfield><marc:subfield code="b">Editorial/Publishing Services Branch.</marc:subfield></marc:datafield><marc:datafield tag="710" ind1="1" ind2=" "><marc:subfield code="a">United States.</marc:subfield><marc:subfield code="b">Federal Trade Commission.</marc:subfield><marc:subfield code="b">Division of Administrative Services.</marc:subfield><marc:subfield code="b">Publishing Section.</marc:subfield></marc:datafield><marc:datafield tag="710" ind1="1" ind2=" "><marc:subfield code="a">United States.</marc:subfield><marc:subfield code="b">Federal Trade Commission.</marc:subfield><marc:subfield code="b">Information Management Branch.</marc:subfield></marc:datafield><marc:datafield tag="710" ind1="1" ind2=" "><marc:subfield code="a">United States.</marc:subfield><marc:subfield code="b">Federal Trade Commission.</marc:subfield><marc:subfield code="b">Information Management Team.</marc:subfield></marc:datafield><marc:datafield tag="710" ind1="1" ind2=" "><marc:subfield code="a">United States.</marc:subfield><marc:subfield code="b">Federal Trade Commission.</marc:subfield><marc:subfield code="b">Commission Services Branch.</marc:subfield></marc:datafield><marc:datafield tag="776" ind1="0" ind2="8"><marc:subfield code="i">Continued online:</marc:subfield><marc:subfield code="a">United States. Federal Trade Commission.</marc:subfield><marc:subfield code="s">Federal Trade Commission decisions (Online).</marc:subfield><marc:subfield code="t">Federal Trade Commission decisions</marc:subfield><marc:subfield code="x">1945-3426</marc:subfield><marc:subfield code="w">(DLC)  2007230595</marc:subfield><marc:subfield code="w">(OCoLC)53844317</marc:subfield></marc:datafield><marc:datafield tag="776" ind1="0" ind2="8"><marc:subfield code="i">Online version:</marc:subfield><marc:subfield code="a">United States. Federal Trade Commission.</marc:subfield><marc:subfield code="t">Federal Trade Commission decisions</marc:subfield><marc:subfield code="w">(OCoLC)1402102016</marc:subfield></marc:datafield><marc:datafield tag="850" ind1=" " ind2=" "><marc:subfield code="a">DLC</marc:subfield><marc:subfield code="a">MH-L</marc:subfield><marc:subfield code="a">NN</marc:subfield><marc:subfield code="a">PPd</marc:subfield><marc:subfield code="a">NNU-L</marc:subfield></marc:datafield><marc:datafield tag="856" ind1="4" ind2="1"><marc:subfield code="u">http://www.ftc.gov</marc:subfield></marc:datafield><marc:datafield tag="856" ind1="4" ind2="1"><marc:subfield code="u">https://purl.fdlp.gov/GPO/LPS81899</marc:subfield><marc:subfield code="7">0</marc:subfield></marc:datafield><marc:datafield tag="856" ind1="4" ind2="1"><marc:subfield code="u">http://www.ftc.gov/os/decisions/index.shtm</marc:subfield></marc:datafield><marc:datafield tag="891" ind1="0" ind2="3"><marc:subfield code="9">853</marc:subfield><marc:subfield code="8">1</marc:subfield><marc:subfield code="a">v.</marc:subfield><marc:subfield code="i">(year)</marc:subfield><marc:subfield code="j">(month)</marc:subfield></marc:datafield><marc:datafield tag="891" ind1="4" ind2="0"><marc:subfield code="9">863</marc:subfield><marc:subfield code="8">1</marc:subfield><marc:subfield code="a">&lt;1&gt;-</marc:subfield><marc:subfield code="i">&lt;1915&gt;-</marc:subfield><marc:subfield code="x">provisional</marc:subfield></marc:datafield><marc:datafield tag="938" ind1=" " ind2=" "><marc:subfield code="a">AMAZON</marc:subfield><marc:subfield code="b">AMZN</marc:subfield><marc:subfield code="n">B002NGN37Q</marc:subfield></marc:datafield><marc:datafield tag="938" ind1=" " ind2=" "><marc:subfield code="a">Kirtas Technologies, Inc.</marc:subfield><marc:subfield code="b">KRTS</marc:subfield><marc:subfield code="n">615793</marc:subfield></marc:datafield><marc:datafield tag="994" ind1=" " ind2=" "><marc:subfield code="a">C0</marc:subfield><marc:subfield code="b">GPO</marc:subfield></marc:datafield></marc:record>