
<marc:record><marc:leader>03270cas a2200553 i 4500</marc:leader>
<marc:controlfield tag="001">on1232478697</marc:controlfield>
<marc:controlfield tag="003">OCoLC</marc:controlfield><marc:controlfield tag="005">20231226083644.0</marc:controlfield><marc:controlfield tag="006">m     o  d f      </marc:controlfield><marc:controlfield tag="007">cr |||||||||||</marc:controlfield><marc:controlfield tag="008">210125c20159999dcufr  |o    f|    0eng c</marc:controlfield><marc:datafield tag="010" ind1=" " ind2=" "><marc:subfield code="a">  2021234656</marc:subfield></marc:datafield><marc:datafield tag="040" ind1=" " ind2=" "><marc:subfield code="a">GPO</marc:subfield><marc:subfield code="b">eng</marc:subfield><marc:subfield code="e">rda</marc:subfield><marc:subfield code="e">pn</marc:subfield><marc:subfield code="c">GPO</marc:subfield><marc:subfield code="d">OCLCO</marc:subfield><marc:subfield code="d">OCLCF</marc:subfield><marc:subfield code="d">OCLCQ</marc:subfield><marc:subfield code="d">COM</marc:subfield><marc:subfield code="d">OCLCO</marc:subfield></marc:datafield><marc:datafield tag="019" ind1=" " ind2=" "><marc:subfield code="a">1237323616</marc:subfield><marc:subfield code="a">1239401909</marc:subfield><marc:subfield code="a">1239402815</marc:subfield><marc:subfield code="a">1239410880</marc:subfield><marc:subfield code="a">1239420909</marc:subfield><marc:subfield code="a">1239422062</marc:subfield><marc:subfield code="a">1239424690</marc:subfield><marc:subfield code="a">1239426330</marc:subfield><marc:subfield code="a">1239427736</marc:subfield><marc:subfield code="a">1239447834</marc:subfield><marc:subfield code="a">1239493309</marc:subfield><marc:subfield code="a">1239518695</marc:subfield><marc:subfield code="a">1239546516</marc:subfield><marc:subfield code="a">1239550753</marc:subfield><marc:subfield code="a">1239556430</marc:subfield><marc:subfield code="a">1239569067</marc:subfield><marc:subfield code="a">1239569856</marc:subfield><marc:subfield code="a">1239579697</marc:subfield><marc:subfield code="a">1239593328</marc:subfield><marc:subfield code="a">1239594222</marc:subfield><marc:subfield code="a">1239607662</marc:subfield><marc:subfield code="a">1239614746</marc:subfield><marc:subfield code="a">1239615303</marc:subfield><marc:subfield code="a">1239616934</marc:subfield></marc:datafield><marc:datafield tag="035" ind1=" " ind2=" "><marc:subfield code="a">(OCoLC)1232478697</marc:subfield><marc:subfield code="z">(OCoLC)1237323616</marc:subfield><marc:subfield code="z">(OCoLC)1239401909</marc:subfield><marc:subfield code="z">(OCoLC)1239402815</marc:subfield><marc:subfield code="z">(OCoLC)1239410880</marc:subfield><marc:subfield code="z">(OCoLC)1239420909</marc:subfield><marc:subfield code="z">(OCoLC)1239422062</marc:subfield><marc:subfield code="z">(OCoLC)1239424690</marc:subfield><marc:subfield code="z">(OCoLC)1239426330</marc:subfield><marc:subfield code="z">(OCoLC)1239427736</marc:subfield><marc:subfield code="z">(OCoLC)1239447834</marc:subfield><marc:subfield code="z">(OCoLC)1239493309</marc:subfield><marc:subfield code="z">(OCoLC)1239518695</marc:subfield><marc:subfield code="z">(OCoLC)1239546516</marc:subfield><marc:subfield code="z">(OCoLC)1239550753</marc:subfield><marc:subfield code="z">(OCoLC)1239556430</marc:subfield><marc:subfield code="z">(OCoLC)1239569067</marc:subfield><marc:subfield code="z">(OCoLC)1239569856</marc:subfield><marc:subfield code="z">(OCoLC)1239579697</marc:subfield><marc:subfield code="z">(OCoLC)1239593328</marc:subfield><marc:subfield code="z">(OCoLC)1239594222</marc:subfield><marc:subfield code="z">(OCoLC)1239607662</marc:subfield><marc:subfield code="z">(OCoLC)1239614746</marc:subfield><marc:subfield code="z">(OCoLC)1239615303</marc:subfield><marc:subfield code="z">(OCoLC)1239616934</marc:subfield></marc:datafield><marc:datafield tag="042" ind1=" " ind2=" "><marc:subfield code="a">pcc</marc:subfield></marc:datafield><marc:datafield tag="043" ind1=" " ind2=" "><marc:subfield code="a">n-us---</marc:subfield></marc:datafield><marc:datafield tag="074" ind1=" " ind2=" "><marc:subfield code="a">0520-B-69 (online)</marc:subfield></marc:datafield><marc:datafield tag="086" ind1="0" ind2=" "><marc:subfield code="a">HS 1.1/5-2:</marc:subfield></marc:datafield><marc:datafield tag="049" ind1=" " ind2=" "><marc:subfield code="a">GPOO</marc:subfield></marc:datafield><marc:datafield tag="110" ind1="1" ind2=" "><marc:subfield code="a">United States.</marc:subfield><marc:subfield code="b">Department of Homeland Security.</marc:subfield><marc:subfield code="b">Privacy Office,</marc:subfield><marc:subfield code="e">author.</marc:subfield></marc:datafield><marc:datafield tag="245" ind1="1" ind2="0"><marc:subfield code="a">Fiscal year ... semiannual report to Congress /</marc:subfield><marc:subfield code="c">Department of Homeland Security, Privacy Office.</marc:subfield></marc:datafield><marc:datafield tag="264" ind1=" " ind2="1"><marc:subfield code="a">[Washington, D.C.] :</marc:subfield><marc:subfield code="b">U.S. Department of Homeland Security,</marc:subfield><marc:subfield code="c">2015-</marc:subfield></marc:datafield><marc:datafield tag="300" ind1=" " ind2=" "><marc:subfield code="a">1 online resource (volumes)</marc:subfield></marc:datafield><marc:datafield tag="310" ind1=" " ind2=" "><marc:subfield code="a">Semiannual</marc:subfield></marc:datafield><marc:datafield tag="336" ind1=" " ind2=" "><marc:subfield code="a">text</marc:subfield><marc:subfield code="b">txt</marc:subfield><marc:subfield code="2">rdacontent</marc:subfield></marc:datafield><marc:datafield tag="337" ind1=" " ind2=" "><marc:subfield code="a">computer</marc:subfield><marc:subfield code="b">c</marc:subfield><marc:subfield code="2">rdamedia</marc:subfield></marc:datafield><marc:datafield tag="338" ind1=" " ind2=" "><marc:subfield code="a">online resource</marc:subfield><marc:subfield code="b">cr</marc:subfield><marc:subfield code="2">rdacarrier</marc:subfield></marc:datafield><marc:datafield tag="362" ind1="1" ind2=" "><marc:subfield code="a">Began with: [1st] (2015).</marc:subfield></marc:datafield><marc:datafield tag="588" ind1="0" ind2=" "><marc:subfield code="a">[1st] 2015; title from PDF cover (DHS Privacy Office website, viewed Jan. 25, 2021).</marc:subfield></marc:datafield><marc:datafield tag="588" ind1="1" ind2=" "><marc:subfield code="a">2nd (2019) (DHS Privacy Office website, viewed Jan. 25, 2021).</marc:subfield></marc:datafield><marc:datafield tag="610" ind1="1" ind2="0"><marc:subfield code="a">United States.</marc:subfield><marc:subfield code="b">Department of Homeland Security.</marc:subfield><marc:subfield code="b">Privacy Office</marc:subfield><marc:subfield code="v">Periodicals.</marc:subfield></marc:datafield><marc:datafield tag="610" ind1="1" ind2="0"><marc:subfield code="a">United States.</marc:subfield><marc:subfield code="t">Homeland Security Act of 2002</marc:subfield><marc:subfield code="v">Periodicals.</marc:subfield></marc:datafield><marc:datafield tag="650" ind1=" " ind2="0"><marc:subfield code="a">Privacy, Right of</marc:subfield><marc:subfield code="x">Government policy</marc:subfield><marc:subfield code="z">United States</marc:subfield><marc:subfield code="v">Periodicals.</marc:subfield></marc:datafield><marc:datafield tag="650" ind1=" " ind2="0"><marc:subfield code="a">Terrorism</marc:subfield><marc:subfield code="z">United States</marc:subfield><marc:subfield code="x">Prevention</marc:subfield><marc:subfield code="v">Periodicals.</marc:subfield></marc:datafield><marc:datafield tag="610" ind1="1" ind2="7"><marc:subfield code="a">United States.</marc:subfield><marc:subfield code="b">Department of Homeland Security.</marc:subfield><marc:subfield code="b">Privacy Office.</marc:subfield><marc:subfield code="2">fast</marc:subfield><marc:subfield code="0">(OCoLC)fst01852752</marc:subfield></marc:datafield><marc:datafield tag="630" ind1="0" ind2="7"><marc:subfield code="a">Homeland Security Act of 2002 (United States)</marc:subfield><marc:subfield code="2">fast</marc:subfield><marc:subfield code="0">(OCoLC)fst01397989</marc:subfield></marc:datafield><marc:datafield tag="650" ind1=" " ind2="7"><marc:subfield code="a">Privacy, Right of</marc:subfield><marc:subfield code="x">Government policy.</marc:subfield><marc:subfield code="2">fast</marc:subfield><marc:subfield code="0">(OCoLC)fst01077448</marc:subfield></marc:datafield><marc:datafield tag="650" ind1=" " ind2="7"><marc:subfield code="a">Terrorism</marc:subfield><marc:subfield code="x">Prevention.</marc:subfield><marc:subfield code="2">fast</marc:subfield><marc:subfield code="0">(OCoLC)fst01148123</marc:subfield></marc:datafield><marc:datafield tag="651" ind1=" " ind2="7"><marc:subfield code="a">United States.</marc:subfield><marc:subfield code="2">fast</marc:subfield><marc:subfield code="0">(OCoLC)fst01204155</marc:subfield></marc:datafield><marc:datafield tag="655" ind1=" " ind2="2"><marc:subfield code="a">Periodical</marc:subfield><marc:subfield code="0">(DNLM)D020492</marc:subfield></marc:datafield><marc:datafield tag="655" ind1=" " ind2="7"><marc:subfield code="a">periodicals.</marc:subfield><marc:subfield code="2">aat</marc:subfield><marc:subfield code="0">(CStmoGRI)aatgf300026657</marc:subfield></marc:datafield><marc:datafield tag="655" ind1=" " ind2="7"><marc:subfield code="a">Periodicals.</marc:subfield><marc:subfield code="2">fast</marc:subfield><marc:subfield code="0">(OCoLC)fst01411641</marc:subfield></marc:datafield><marc:datafield tag="655" ind1=" " ind2="7"><marc:subfield code="a">Periodicals.</marc:subfield><marc:subfield code="2">lcgft</marc:subfield></marc:datafield><marc:datafield tag="655" ind1=" " ind2="7"><marc:subfield code="a">Periodiques.</marc:subfield><marc:subfield code="2">rvmgf</marc:subfield><marc:subfield code="0">(CaQQLa)RVMGF-000001105</marc:subfield></marc:datafield><marc:datafield tag="780" ind1="0" ind2="0"><marc:subfield code="a">United States. Department of Homeland Security. Privacy Office.</marc:subfield><marc:subfield code="t">... quarter fiscal year ... report to Congress</marc:subfield><marc:subfield code="w">(DLC)  2021234655</marc:subfield><marc:subfield code="w">(OCoLC)1232479198</marc:subfield></marc:datafield><marc:datafield tag="856" ind1="4" ind2="0"><marc:subfield code="u">https://purl.fdlp.gov/GPO/gpo150564</marc:subfield><marc:subfield code="7">0</marc:subfield></marc:datafield><marc:datafield tag="856" ind1="4" ind2=" "><marc:subfield code="z">Address at time of PURL creation</marc:subfield><marc:subfield code="u">https://www.dhs.gov/publication/dhs-section-803-reports-congress</marc:subfield></marc:datafield><marc:datafield tag="994" ind1=" " ind2=" "><marc:subfield code="a">C0</marc:subfield><marc:subfield code="b">GPO</marc:subfield></marc:datafield></marc:record>