
<marc:record><marc:leader>03378cas a2200745 a 4500</marc:leader>
<marc:controlfield tag="001">ocm53620332 </marc:controlfield>
<marc:controlfield tag="003">OCoLC</marc:controlfield><marc:controlfield tag="005">20231226083644.0</marc:controlfield><marc:controlfield tag="006">m     o  d f      </marc:controlfield><marc:controlfield tag="007">cr an|||||||||</marc:controlfield><marc:controlfield tag="008">031124c20029999dcuar  sos   f0   a0eng c</marc:controlfield><marc:datafield tag="010" ind1=" " ind2=" "><marc:subfield code="a">  2003232088</marc:subfield></marc:datafield><marc:datafield tag="040" ind1=" " ind2=" "><marc:subfield code="a">GPO</marc:subfield><marc:subfield code="b">eng</marc:subfield><marc:subfield code="c">GPO</marc:subfield><marc:subfield code="d">OCLCQ</marc:subfield><marc:subfield code="d">GPO</marc:subfield><marc:subfield code="d">OCLCE</marc:subfield><marc:subfield code="d">OCLCQ</marc:subfield><marc:subfield code="d">OCLCF</marc:subfield><marc:subfield code="d">OCLCQ</marc:subfield><marc:subfield code="d">GILDS</marc:subfield><marc:subfield code="d">OCLCO</marc:subfield><marc:subfield code="d">GPO</marc:subfield><marc:subfield code="d">ZQP</marc:subfield><marc:subfield code="d">OCLCO</marc:subfield><marc:subfield code="d">OCLCQ</marc:subfield><marc:subfield code="d">OSO</marc:subfield><marc:subfield code="d">OCLCQ</marc:subfield><marc:subfield code="d">GPO</marc:subfield><marc:subfield code="d">DLC</marc:subfield><marc:subfield code="d">CSA</marc:subfield><marc:subfield code="d">OCLCO</marc:subfield><marc:subfield code="d">VT2</marc:subfield><marc:subfield code="d">OCLCA</marc:subfield><marc:subfield code="d">OCLCQ</marc:subfield><marc:subfield code="d">OCL</marc:subfield><marc:subfield code="d">OCLCO</marc:subfield><marc:subfield code="d">OCLCQ</marc:subfield><marc:subfield code="d">OCLCL</marc:subfield></marc:datafield><marc:datafield tag="012" ind1=" " ind2=" "><marc:subfield code="l">1</marc:subfield></marc:datafield><marc:datafield tag="019" ind1=" " ind2=" "><marc:subfield code="a">54383947</marc:subfield><marc:subfield code="a">666902477</marc:subfield></marc:datafield><marc:datafield tag="022" ind1="0" ind2=" "><marc:subfield code="a">2770-0100</marc:subfield><marc:subfield code="2">1</marc:subfield></marc:datafield><marc:datafield tag="029" ind1="1" ind2=" "><marc:subfield code="a">AU@</marc:subfield><marc:subfield code="b">000025140227</marc:subfield></marc:datafield><marc:datafield tag="029" ind1="1" ind2=" "><marc:subfield code="a">AU@</marc:subfield><marc:subfield code="b">000044944687</marc:subfield></marc:datafield><marc:datafield tag="029" ind1="1" ind2=" "><marc:subfield code="a">AU@</marc:subfield><marc:subfield code="b">000045735226</marc:subfield></marc:datafield><marc:datafield tag="029" ind1="1" ind2=" "><marc:subfield code="a">NZ1</marc:subfield><marc:subfield code="b">13091905</marc:subfield></marc:datafield><marc:datafield tag="029" ind1="1" ind2=" "><marc:subfield code="a">NZ1</marc:subfield><marc:subfield code="b">16243838</marc:subfield></marc:datafield><marc:datafield tag="035" ind1=" " ind2=" "><marc:subfield code="a">(OCoLC)53620332</marc:subfield><marc:subfield code="z">(OCoLC)54383947</marc:subfield><marc:subfield code="z">(OCoLC)666902477</marc:subfield></marc:datafield><marc:datafield tag="042" ind1=" " ind2=" "><marc:subfield code="a">pcc</marc:subfield><marc:subfield code="a">nsdp</marc:subfield></marc:datafield><marc:datafield tag="043" ind1=" " ind2=" "><marc:subfield code="a">n-us---</marc:subfield></marc:datafield><marc:datafield tag="050" ind1="1" ind2="0"><marc:subfield code="a">ISSN RECORD</marc:subfield></marc:datafield><marc:datafield tag="074" ind1=" " ind2=" "><marc:subfield code="a">0520-B-56 (online)</marc:subfield><marc:subfield code="z">0520-G-01 (online)</marc:subfield></marc:datafield><marc:datafield tag="082" ind1="0" ind2="0"><marc:subfield code="a">325.73</marc:subfield><marc:subfield code="2">23</marc:subfield></marc:datafield><marc:datafield tag="086" ind1="0" ind2=" "><marc:subfield code="a">HS 1.15/5:</marc:subfield><marc:subfield code="z">HS 8.15:</marc:subfield><marc:subfield code="z">HE 8.15:</marc:subfield></marc:datafield><marc:datafield tag="049" ind1=" " ind2=" "><marc:subfield code="a">GPOO</marc:subfield></marc:datafield><marc:datafield tag="130" ind1="0" ind2=" "><marc:subfield code="a">Yearbook of immigration statistics (Online)</marc:subfield></marc:datafield><marc:datafield tag="222" ind1=" " ind2="0"><marc:subfield code="a">Yearbook of immigration statistics</marc:subfield><marc:subfield code="b">(Online)</marc:subfield></marc:datafield><marc:datafield tag="245" ind1="1" ind2="0"><marc:subfield code="a">Yearbook of immigration statistics /</marc:subfield><marc:subfield code="c">Homeland Security, Office of Immigration Statistics.</marc:subfield></marc:datafield><marc:datafield tag="260" ind1=" " ind2=" "><marc:subfield code="a">Washington, D.C. :</marc:subfield><marc:subfield code="b">U.S. Dept. of Homeland Security, Office of Immigration Statistics,</marc:subfield><marc:subfield code="c">[2003]-</marc:subfield></marc:datafield><marc:datafield tag="300" ind1=" " ind2=" "><marc:subfield code="a">1 online resource (volumes)</marc:subfield></marc:datafield><marc:datafield tag="310" ind1=" " ind2=" "><marc:subfield code="a">Annual</marc:subfield></marc:datafield><marc:datafield tag="336" ind1=" " ind2=" "><marc:subfield code="a">text</marc:subfield><marc:subfield code="b">txt</marc:subfield><marc:subfield code="2">rdacontent</marc:subfield></marc:datafield><marc:datafield tag="337" ind1=" " ind2=" "><marc:subfield code="a">computer</marc:subfield><marc:subfield code="b">c</marc:subfield><marc:subfield code="2">rdamedia</marc:subfield></marc:datafield><marc:datafield tag="338" ind1=" " ind2=" "><marc:subfield code="a">online resource</marc:subfield><marc:subfield code="b">cr</marc:subfield><marc:subfield code="2">rdacarrier</marc:subfield></marc:datafield><marc:datafield tag="362" ind1="0" ind2=" "><marc:subfield code="a">2002-</marc:subfield></marc:datafield><marc:datafield tag="500" ind1=" " ind2=" "><marc:subfield code="a">Title from PDF title page (viewed November 24, 2003).</marc:subfield></marc:datafield><marc:datafield tag="538" ind1=" " ind2=" "><marc:subfield code="a">Mode of access: Internet at the DHS website. Previously available as of 11/7/2003: http://uscis.gov/graphics/shared/aboutus/statistics/ybpage.htm.</marc:subfield></marc:datafield><marc:datafield tag="550" ind1=" " ind2=" "><marc:subfield code="a">Issued by: U.S. Department of Homeland Security, Office of Policy, Office of Immigration Statistics, 2004-</marc:subfield></marc:datafield><marc:datafield tag="588" ind1="1" ind2=" "><marc:subfield code="a">2019 (DHS website, viewed August 30, 2021).</marc:subfield></marc:datafield><marc:datafield tag="650" ind1=" " ind2="0"><marc:subfield code="a">Noncitizens</marc:subfield><marc:subfield code="z">United States</marc:subfield><marc:subfield code="v">Statistics</marc:subfield><marc:subfield code="v">Periodicals.</marc:subfield></marc:datafield><marc:datafield tag="650" ind1=" " ind2="0"><marc:subfield code="a">Naturalization</marc:subfield><marc:subfield code="z">United States</marc:subfield><marc:subfield code="v">Statistics</marc:subfield><marc:subfield code="v">Periodicals.</marc:subfield></marc:datafield><marc:datafield tag="651" ind1=" " ind2="0"><marc:subfield code="a">United States</marc:subfield><marc:subfield code="x">Emigration and immigration</marc:subfield><marc:subfield code="v">Statistics</marc:subfield><marc:subfield code="v">Periodicals.</marc:subfield></marc:datafield><marc:datafield tag="650" ind1=" " ind2="7"><marc:subfield code="a">Foreign Nationals.</marc:subfield><marc:subfield code="2">ericd</marc:subfield></marc:datafield><marc:datafield tag="650" ind1=" " ind2="7"><marc:subfield code="a">Noncitizens.</marc:subfield><marc:subfield code="2">fast</marc:subfield><marc:subfield code="0">(OCoLC)fst00805278</marc:subfield></marc:datafield><marc:datafield tag="650" ind1=" " ind2="7"><marc:subfield code="a">Emigration and immigration.</marc:subfield><marc:subfield code="2">fast</marc:subfield><marc:subfield code="0">(OCoLC)fst00908690</marc:subfield></marc:datafield><marc:datafield tag="650" ind1=" " ind2="7"><marc:subfield code="a">Naturalization.</marc:subfield><marc:subfield code="2">fast</marc:subfield><marc:subfield code="0">(OCoLC)fst01034550</marc:subfield></marc:datafield><marc:datafield tag="651" ind1=" " ind2="7"><marc:subfield code="a">United States.</marc:subfield><marc:subfield code="2">fast</marc:subfield><marc:subfield code="0">(OCoLC)fst01204155</marc:subfield><marc:subfield code="1">https://id.oclc.org/worldcat/entity/E39PBJtxgQXMWqmjMjjwXRHgrq</marc:subfield></marc:datafield><marc:datafield tag="650" ind1=" " ind2="7"><marc:subfield code="a">Noncitizens.</marc:subfield><marc:subfield code="2">sears</marc:subfield></marc:datafield><marc:datafield tag="655" ind1=" " ind2="7"><marc:subfield code="a">Periodicals.</marc:subfield><marc:subfield code="2">fast</marc:subfield><marc:subfield code="0">(OCoLC)fst01411641</marc:subfield></marc:datafield><marc:datafield tag="655" ind1=" " ind2="7"><marc:subfield code="a">Statistics.</marc:subfield><marc:subfield code="2">fast</marc:subfield><marc:subfield code="0">(OCoLC)fst01423727</marc:subfield></marc:datafield><marc:datafield tag="655" ind1=" " ind2="7"><marc:subfield code="a">Statistics.</marc:subfield><marc:subfield code="2">lcgft</marc:subfield></marc:datafield><marc:datafield tag="655" ind1=" " ind2="7"><marc:subfield code="a">Government publications.</marc:subfield><marc:subfield code="2">lcgft</marc:subfield></marc:datafield><marc:datafield tag="655" ind1=" " ind2="7"><marc:subfield code="a">Periodicals.</marc:subfield><marc:subfield code="2">lcgft</marc:subfield></marc:datafield><marc:datafield tag="710" ind1="1" ind2=" "><marc:subfield code="a">United States.</marc:subfield><marc:subfield code="b">Office of Immigration Statistics.</marc:subfield></marc:datafield><marc:datafield tag="776" ind1="0" ind2="8"><marc:subfield code="i">Print version, 2002-2014:</marc:subfield><marc:subfield code="t">Yearbook of immigration statistics</marc:subfield><marc:subfield code="x">2770-0089</marc:subfield><marc:subfield code="w">(DLC)  2003234718</marc:subfield><marc:subfield code="w">(OCoLC)53370541</marc:subfield></marc:datafield><marc:datafield tag="780" ind1="0" ind2="0"><marc:subfield code="t">Statistical yearbook of the Immigration and Naturalization Service</marc:subfield><marc:subfield code="w">(DLC)  2021234722</marc:subfield><marc:subfield code="w">(OCoLC)607635280</marc:subfield></marc:datafield><marc:datafield tag="856" ind1="4" ind2="0"><marc:subfield code="3">Google, 2002</marc:subfield><marc:subfield code="u">http://books.google.com/books?id=KiCOAAAAMAAJ</marc:subfield></marc:datafield><marc:datafield tag="856" ind1="4" ind2="0"><marc:subfield code="3">Google, 2003</marc:subfield><marc:subfield code="u">http://books.google.com/books?id=MyGOAAAAMAAJ</marc:subfield></marc:datafield><marc:datafield tag="856" ind1="4" ind2="0"><marc:subfield code="u">https://purl.fdlp.gov/GPO/LPS40400</marc:subfield><marc:subfield code="7">0</marc:subfield></marc:datafield><marc:datafield tag="856" ind1="4" ind2=" "><marc:subfield code="u">https://www.dhs.gov/immigration-statistics/yearbook</marc:subfield></marc:datafield><marc:datafield tag="994" ind1=" " ind2=" "><marc:subfield code="a">C0</marc:subfield><marc:subfield code="b">GPO</marc:subfield></marc:datafield></marc:record>