
<marc:record><marc:leader>05889cas a2201033 a 4500</marc:leader>
<marc:controlfield tag="001">ocm51094700 </marc:controlfield>
<marc:controlfield tag="003">OCoLC</marc:controlfield><marc:controlfield tag="005">20231226083644.0</marc:controlfield><marc:controlfield tag="006">m     o  d f      </marc:controlfield><marc:controlfield tag="007">cr an|||||||||</marc:controlfield><marc:controlfield tag="008">021129c19909999wvuar  sos   f0   a0eng c</marc:controlfield><marc:datafield tag="010" ind1=" " ind2=" "><marc:subfield code="a">  2005230068</marc:subfield></marc:datafield><marc:datafield tag="040" ind1=" " ind2=" "><marc:subfield code="a">R#A</marc:subfield><marc:subfield code="b">eng</marc:subfield><marc:subfield code="c">R#A</marc:subfield><marc:subfield code="d">OCLCQ</marc:subfield><marc:subfield code="d">GPO</marc:subfield><marc:subfield code="d">OCL</marc:subfield><marc:subfield code="d">HUL</marc:subfield><marc:subfield code="d">NSD</marc:subfield><marc:subfield code="d">CUV</marc:subfield><marc:subfield code="d">DLC</marc:subfield><marc:subfield code="d">OCLCQ</marc:subfield><marc:subfield code="d">GPO</marc:subfield><marc:subfield code="d">AE#</marc:subfield><marc:subfield code="d">OCLCE</marc:subfield><marc:subfield code="d">OCLCQ</marc:subfield><marc:subfield code="d">OCLCF</marc:subfield><marc:subfield code="d">OCLCQ</marc:subfield><marc:subfield code="d">GPO</marc:subfield><marc:subfield code="d">OCLCQ</marc:subfield><marc:subfield code="d">XND</marc:subfield><marc:subfield code="d">OCLCO</marc:subfield><marc:subfield code="d">COM</marc:subfield><marc:subfield code="d">OCLCO</marc:subfield><marc:subfield code="d">OCLCQ</marc:subfield><marc:subfield code="d">OCLCL</marc:subfield></marc:datafield><marc:datafield tag="012" ind1=" " ind2=" "><marc:subfield code="l">a</marc:subfield></marc:datafield><marc:datafield tag="019" ind1=" " ind2=" "><marc:subfield code="a">60588043</marc:subfield><marc:subfield code="a">180777151</marc:subfield><marc:subfield code="a">607694719</marc:subfield><marc:subfield code="a">621127655</marc:subfield><marc:subfield code="a">979613702</marc:subfield><marc:subfield code="a">995283564</marc:subfield><marc:subfield code="a">1001358122</marc:subfield><marc:subfield code="a">1011838783</marc:subfield><marc:subfield code="a">1013355737</marc:subfield><marc:subfield code="a">1014255463</marc:subfield><marc:subfield code="a">1031691025</marc:subfield><marc:subfield code="a">1031823354</marc:subfield><marc:subfield code="a">1098720913</marc:subfield><marc:subfield code="a">1099056432</marc:subfield><marc:subfield code="a">1199432608</marc:subfield><marc:subfield code="a">1199436262</marc:subfield><marc:subfield code="a">1199558595</marc:subfield><marc:subfield code="a">1199566535</marc:subfield><marc:subfield code="a">1199570088</marc:subfield><marc:subfield code="a">1224537543</marc:subfield><marc:subfield code="a">1225248128</marc:subfield><marc:subfield code="a">1297941964</marc:subfield></marc:datafield><marc:datafield tag="022" ind1="0" ind2=" "><marc:subfield code="a">1933-1258</marc:subfield><marc:subfield code="l">1932-4022</marc:subfield><marc:subfield code="2">1</marc:subfield></marc:datafield><marc:datafield tag="029" ind1="1" ind2=" "><marc:subfield code="a">AU@</marc:subfield><marc:subfield code="b">000026868256</marc:subfield></marc:datafield><marc:datafield tag="029" ind1="1" ind2=" "><marc:subfield code="a">NZ1</marc:subfield><marc:subfield code="b">13547199</marc:subfield></marc:datafield><marc:datafield tag="029" ind1="1" ind2=" "><marc:subfield code="a">NZ1</marc:subfield><marc:subfield code="b">16069974</marc:subfield></marc:datafield><marc:datafield tag="029" ind1="1" ind2=" "><marc:subfield code="a">NZ1</marc:subfield><marc:subfield code="b">16234169</marc:subfield></marc:datafield><marc:datafield tag="035" ind1=" " ind2=" "><marc:subfield code="a">(OCoLC)51094700</marc:subfield><marc:subfield code="z">(OCoLC)60588043</marc:subfield><marc:subfield code="z">(OCoLC)180777151</marc:subfield><marc:subfield code="z">(OCoLC)607694719</marc:subfield><marc:subfield code="z">(OCoLC)621127655</marc:subfield><marc:subfield code="z">(OCoLC)979613702</marc:subfield><marc:subfield code="z">(OCoLC)995283564</marc:subfield><marc:subfield code="z">(OCoLC)1001358122</marc:subfield><marc:subfield code="z">(OCoLC)1011838783</marc:subfield><marc:subfield code="z">(OCoLC)1013355737</marc:subfield><marc:subfield code="z">(OCoLC)1014255463</marc:subfield><marc:subfield code="z">(OCoLC)1031691025</marc:subfield><marc:subfield code="z">(OCoLC)1031823354</marc:subfield><marc:subfield code="z">(OCoLC)1098720913</marc:subfield><marc:subfield code="z">(OCoLC)1099056432</marc:subfield><marc:subfield code="z">(OCoLC)1199432608</marc:subfield><marc:subfield code="z">(OCoLC)1199436262</marc:subfield><marc:subfield code="z">(OCoLC)1199558595</marc:subfield><marc:subfield code="z">(OCoLC)1199566535</marc:subfield><marc:subfield code="z">(OCoLC)1199570088</marc:subfield><marc:subfield code="z">(OCoLC)1224537543</marc:subfield><marc:subfield code="z">(OCoLC)1225248128</marc:subfield><marc:subfield code="z">(OCoLC)1297941964</marc:subfield></marc:datafield><marc:datafield tag="042" ind1=" " ind2=" "><marc:subfield code="a">pcc</marc:subfield><marc:subfield code="a">nsdp</marc:subfield><marc:subfield code="a">dlr</marc:subfield></marc:datafield><marc:datafield tag="043" ind1=" " ind2=" "><marc:subfield code="a">n-us---</marc:subfield></marc:datafield><marc:datafield tag="050" ind1="0" ind2="0"><marc:subfield code="a">HV6250.3.U5</marc:subfield></marc:datafield><marc:datafield tag="074" ind1=" " ind2=" "><marc:subfield code="a">0722-A-04 (online)</marc:subfield></marc:datafield><marc:datafield tag="082" ind1="1" ind2="0"><marc:subfield code="a">364</marc:subfield><marc:subfield code="2">14</marc:subfield></marc:datafield><marc:datafield tag="086" ind1="0" ind2=" "><marc:subfield code="a">J 1.14/7-9:</marc:subfield></marc:datafield><marc:datafield tag="049" ind1=" " ind2=" "><marc:subfield code="a">GPOO</marc:subfield></marc:datafield><marc:datafield tag="130" ind1="0" ind2=" "><marc:subfield code="a">Hate crime statistics (Online)</marc:subfield></marc:datafield><marc:datafield tag="222" ind1=" " ind2="0"><marc:subfield code="a">Hate crime statistics</marc:subfield><marc:subfield code="b">(Online)</marc:subfield></marc:datafield><marc:datafield tag="245" ind1="1" ind2="0"><marc:subfield code="a">Hate crime statistics /</marc:subfield><marc:subfield code="c">U.S. Department of Justice, Federal Bureau of Investigation, Criminal Justice Information Services Division.</marc:subfield></marc:datafield><marc:datafield tag="246" ind1="1" ind2=" "><marc:subfield code="i">Vol. for 1995 has title:</marc:subfield><marc:subfield code="a">Hate crime</marc:subfield></marc:datafield><marc:datafield tag="260" ind1=" " ind2=" "><marc:subfield code="a">Clarksburg, W. Va. :</marc:subfield><marc:subfield code="b">U.S. Dept. of Justice, Federal Bureau of Investigation</marc:subfield></marc:datafield><marc:datafield tag="300" ind1=" " ind2=" "><marc:subfield code="a">1 online resource (volumes)</marc:subfield></marc:datafield><marc:datafield tag="310" ind1=" " ind2=" "><marc:subfield code="a">Annual</marc:subfield></marc:datafield><marc:datafield tag="336" ind1=" " ind2=" "><marc:subfield code="a">text</marc:subfield><marc:subfield code="b">txt</marc:subfield><marc:subfield code="2">rdacontent</marc:subfield></marc:datafield><marc:datafield tag="337" ind1=" " ind2=" "><marc:subfield code="a">computer</marc:subfield><marc:subfield code="b">c</marc:subfield><marc:subfield code="2">rdamedia</marc:subfield></marc:datafield><marc:datafield tag="338" ind1=" " ind2=" "><marc:subfield code="a">online resource</marc:subfield><marc:subfield code="b">cr</marc:subfield><marc:subfield code="2">rdacarrier</marc:subfield></marc:datafield><marc:datafield tag="362" ind1="1" ind2=" "><marc:subfield code="a">Print began with: 1990.</marc:subfield></marc:datafield><marc:datafield tag="490" ind1="1" ind2=" "><marc:subfield code="a">Uniform crime reports</marc:subfield></marc:datafield><marc:datafield tag="506" ind1=" " ind2=" "><marc:subfield code="3">Use copy</marc:subfield><marc:subfield code="f">Restrictions unspecified</marc:subfield><marc:subfield code="5">MiAaHDL</marc:subfield><marc:subfield code="2">star</marc:subfield></marc:datafield><marc:datafield tag="533" ind1=" " ind2=" "><marc:subfield code="a">Electronic reproduction.</marc:subfield><marc:subfield code="b">[S.l.] :</marc:subfield><marc:subfield code="c">HathiTrust Digital Library,</marc:subfield><marc:subfield code="d">2010.</marc:subfield><marc:subfield code="5">MiAaHDL</marc:subfield></marc:datafield><marc:datafield tag="538" ind1=" " ind2=" "><marc:subfield code="a">Master and use copy. Digital master created according to Benchmark for Faithful Digital Reproductions of Monographs and Serials, Version 1. Digital Library Federation, December 2002.</marc:subfield><marc:subfield code="u">http://purl.oclc.org/DLF/benchrepro0212</marc:subfield><marc:subfield code="5">MiAaHDL</marc:subfield></marc:datafield><marc:datafield tag="583" ind1="1" ind2=" "><marc:subfield code="a">digitized</marc:subfield><marc:subfield code="c">2010</marc:subfield><marc:subfield code="h">HathiTrust Digital Library</marc:subfield><marc:subfield code="l">committed to preserve</marc:subfield><marc:subfield code="5">MiAaHDL</marc:subfield><marc:subfield code="2">pda</marc:subfield></marc:datafield><marc:datafield tag="588" ind1=" " ind2=" "><marc:subfield code="a">Description based on: 1996; title from PDF cover (FBI website, viewed Nov. 29, 2002).</marc:subfield></marc:datafield><marc:datafield tag="588" ind1=" " ind2=" "><marc:subfield code="a">Latest issue consulted: 2014 (FBI website, viewed Sept. 22, 2016).</marc:subfield></marc:datafield><marc:datafield tag="650" ind1=" " ind2="0"><marc:subfield code="a">Hate crimes</marc:subfield><marc:subfield code="z">United States</marc:subfield><marc:subfield code="x">States</marc:subfield><marc:subfield code="v">Statistics</marc:subfield><marc:subfield code="v">Periodicals.</marc:subfield></marc:datafield><marc:datafield tag="650" ind1=" " ind2="0"><marc:subfield code="a">Criminal statistics</marc:subfield><marc:subfield code="z">United States</marc:subfield><marc:subfield code="v">Periodicals.</marc:subfield></marc:datafield><marc:datafield tag="650" ind1=" " ind2="6"><marc:subfield code="a">Crimes haineux</marc:subfield><marc:subfield code="0">(CaQQLa)201-0217347</marc:subfield><marc:subfield code="z">Etats-Unis</marc:subfield><marc:subfield code="0">(CaQQLa)201-0381097</marc:subfield><marc:subfield code="x">Etats</marc:subfield><marc:subfield code="0">(CaQQLa)201-0381097</marc:subfield><marc:subfield code="v">Statistiques</marc:subfield><marc:subfield code="0">(CaQQLa)201-0378300</marc:subfield><marc:subfield code="v">Periodiques.</marc:subfield><marc:subfield code="0">(CaQQLa)201-0378307</marc:subfield></marc:datafield><marc:datafield tag="650" ind1=" " ind2="6"><marc:subfield code="a">Statistiques criminelles</marc:subfield><marc:subfield code="0">(CaQQLa)201-0015444</marc:subfield><marc:subfield code="z">Etats-Unis</marc:subfield><marc:subfield code="0">(CaQQLa)201-0407727</marc:subfield><marc:subfield code="v">Periodiques.</marc:subfield><marc:subfield code="0">(CaQQLa)201-0378307</marc:subfield></marc:datafield><marc:datafield tag="650" ind1=" " ind2="7"><marc:subfield code="a">Criminal statistics.</marc:subfield><marc:subfield code="2">fast</marc:subfield><marc:subfield code="0">(OCoLC)fst00883500</marc:subfield></marc:datafield><marc:datafield tag="650" ind1=" " ind2="7"><marc:subfield code="a">Hate crimes</marc:subfield><marc:subfield code="x">U.S. states.</marc:subfield><marc:subfield code="2">fast</marc:subfield><marc:subfield code="0">(OCoLC)fst00951882</marc:subfield></marc:datafield><marc:datafield tag="651" ind1=" " ind2="7"><marc:subfield code="a">United States.</marc:subfield><marc:subfield code="2">fast</marc:subfield><marc:subfield code="0">(OCoLC)fst01204155</marc:subfield><marc:subfield code="1">https://id.oclc.org/worldcat/entity/E39PBJtxgQXMWqmjMjjwXRHgrq</marc:subfield></marc:datafield><marc:datafield tag="655" ind1=" " ind2="2"><marc:subfield code="a">Statistics</marc:subfield><marc:subfield code="0">(DNLM)D020500</marc:subfield></marc:datafield><marc:datafield tag="655" ind1=" " ind2="2"><marc:subfield code="a">Periodical</marc:subfield><marc:subfield code="0">(DNLM)D020492</marc:subfield></marc:datafield><marc:datafield tag="655" ind1=" " ind2="7"><marc:subfield code="a">periodicals.</marc:subfield><marc:subfield code="2">aat</marc:subfield><marc:subfield code="0">(CStmoGRI)aatgf300026657</marc:subfield></marc:datafield><marc:datafield tag="655" ind1=" " ind2="7"><marc:subfield code="a">Periodicals.</marc:subfield><marc:subfield code="2">fast</marc:subfield><marc:subfield code="0">(OCoLC)fst01411641</marc:subfield></marc:datafield><marc:datafield tag="655" ind1=" " ind2="7"><marc:subfield code="a">Statistics.</marc:subfield><marc:subfield code="2">fast</marc:subfield><marc:subfield code="0">(OCoLC)fst01423727</marc:subfield></marc:datafield><marc:datafield tag="655" ind1=" " ind2="7"><marc:subfield code="a">Statistics.</marc:subfield><marc:subfield code="2">lcgft</marc:subfield></marc:datafield><marc:datafield tag="655" ind1=" " ind2="7"><marc:subfield code="a">Periodicals.</marc:subfield><marc:subfield code="2">lcgft</marc:subfield></marc:datafield><marc:datafield tag="655" ind1=" " ind2="7"><marc:subfield code="a">Statistiques.</marc:subfield><marc:subfield code="2">rvmgf</marc:subfield><marc:subfield code="0">(CaQQLa)RVMGF-000001223</marc:subfield></marc:datafield><marc:datafield tag="655" ind1=" " ind2="7"><marc:subfield code="a">Periodiques.</marc:subfield><marc:subfield code="2">rvmgf</marc:subfield><marc:subfield code="0">(CaQQLa)RVMGF-000001105</marc:subfield></marc:datafield><marc:datafield tag="710" ind1="1" ind2=" "><marc:subfield code="a">United States.</marc:subfield><marc:subfield code="b">Federal Bureau of Investigation.</marc:subfield><marc:subfield code="b">Criminal Justice Information Services Division.</marc:subfield></marc:datafield><marc:datafield tag="776" ind1="0" ind2="8"><marc:subfield code="i">Print version, 1990-2004:</marc:subfield><marc:subfield code="t">Hate crime statistics</marc:subfield><marc:subfield code="x">1932-4022</marc:subfield><marc:subfield code="w">(DLC)   93649188</marc:subfield><marc:subfield code="w">(OCoLC)28878193</marc:subfield></marc:datafield><marc:datafield tag="830" ind1=" " ind2="0"><marc:subfield code="a">Uniform crime reports (Washington, D.C.)</marc:subfield></marc:datafield><marc:datafield tag="850" ind1=" " ind2=" "><marc:subfield code="a">DLC</marc:subfield></marc:datafield><marc:datafield tag="856" ind1="4" ind2="0"><marc:subfield code="u">https://purl.fdlp.gov/GPO/LPS9179</marc:subfield><marc:subfield code="7">0</marc:subfield></marc:datafield><marc:datafield tag="856" ind1="4" ind2=" "><marc:subfield code="u">https://ucr.fbi.gov/ucr-publications#Hate</marc:subfield></marc:datafield><marc:datafield tag="856" ind1="4" ind2="0"><marc:subfield code="3">1995</marc:subfield><marc:subfield code="u">http://www2.fbi.gov/ucr/hatecm.htm</marc:subfield></marc:datafield><marc:datafield tag="856" ind1="4" ind2="0"><marc:subfield code="3">HathiTrust Digital Library, Full view</marc:subfield><marc:subfield code="u">http://catalog.hathitrust.org/api/volumes/oclc/28878193.html</marc:subfield></marc:datafield><marc:datafield tag="856" ind1="4" ind2="0"><marc:subfield code="3">Google, 1990</marc:subfield><marc:subfield code="u">http://books.google.com/books?id=gX7aAAAAMAAJ</marc:subfield></marc:datafield><marc:datafield tag="856" ind1="4" ind2="0"><marc:subfield code="3">Google, 1995</marc:subfield><marc:subfield code="u">http://books.google.com/books?id=mX7aAAAAMAAJ</marc:subfield></marc:datafield><marc:datafield tag="856" ind1="4" ind2="0"><marc:subfield code="3">Google</marc:subfield><marc:subfield code="u">http://books.google.com/books?id=SQPFh0GZCQwC</marc:subfield></marc:datafield><marc:datafield tag="856" ind1="4" ind2="0"><marc:subfield code="3">Google</marc:subfield><marc:subfield code="u">http://books.google.com/books?id=nGGPbKujuQIC</marc:subfield></marc:datafield><marc:datafield tag="856" ind1="4" ind2="0"><marc:subfield code="3">Google</marc:subfield><marc:subfield code="u">http://books.google.com/books?id=CwJUrbc8HrwC</marc:subfield></marc:datafield><marc:datafield tag="856" ind1="4" ind2="0"><marc:subfield code="3">Google</marc:subfield><marc:subfield code="u">http://books.google.com/books?id=MZ9VvlPgpBwC</marc:subfield></marc:datafield><marc:datafield tag="856" ind1="4" ind2="0"><marc:subfield code="3">Google</marc:subfield><marc:subfield code="u">http://books.google.com/books?id=45zscLAsPmsC</marc:subfield></marc:datafield><marc:datafield tag="856" ind1="4" ind2="0"><marc:subfield code="3">Google</marc:subfield><marc:subfield code="u">http://books.google.com/books?id=nMri8y0bjhAC</marc:subfield></marc:datafield><marc:datafield tag="856" ind1="4" ind2="0"><marc:subfield code="3">Google</marc:subfield><marc:subfield code="u">http://books.google.com/books?id=-NFqRC1Px4UC</marc:subfield></marc:datafield><marc:datafield tag="856" ind1="4" ind2="0"><marc:subfield code="3">Google</marc:subfield><marc:subfield code="u">http://books.google.com/books?id=-_s6AQAAMAAJ</marc:subfield></marc:datafield><marc:datafield tag="856" ind1="4" ind2="0"><marc:subfield code="3">Google</marc:subfield><marc:subfield code="u">http://books.google.com/books?id=amDS4IsxwGwC</marc:subfield></marc:datafield><marc:datafield tag="856" ind1="4" ind2="0"><marc:subfield code="3">Google</marc:subfield><marc:subfield code="u">http://books.google.com/books?id=zPTQkGQ9A2MC</marc:subfield></marc:datafield><marc:datafield tag="856" ind1="4" ind2="0"><marc:subfield code="3">Google</marc:subfield><marc:subfield code="u">http://books.google.com/books?id=msc0Zsh_RZ8C</marc:subfield></marc:datafield><marc:datafield tag="856" ind1="4" ind2="0"><marc:subfield code="3">Google</marc:subfield><marc:subfield code="u">http://books.google.com/books?id=pFs5IFcWGY4C</marc:subfield></marc:datafield><marc:datafield tag="856" ind1="4" ind2="0"><marc:subfield code="3">Google</marc:subfield><marc:subfield code="u">http://books.google.com/books?id=eNz0hmvmaSgC</marc:subfield></marc:datafield><marc:datafield tag="856" ind1="4" ind2="0"><marc:subfield code="3">Google</marc:subfield><marc:subfield code="u">http://books.google.com/books?id=GXFAvjBZylQC</marc:subfield></marc:datafield><marc:datafield tag="856" ind1="4" ind2="0"><marc:subfield code="3">Google</marc:subfield><marc:subfield code="u">http://books.google.com/books?id=W-LlpHgOAGwC</marc:subfield></marc:datafield><marc:datafield tag="856" ind1="4" ind2="0"><marc:subfield code="3">Google</marc:subfield><marc:subfield code="u">http://books.google.com/books?id=8J2VnJ6Mof0C</marc:subfield></marc:datafield><marc:datafield tag="994" ind1=" " ind2=" "><marc:subfield code="a">C0</marc:subfield><marc:subfield code="b">GPO</marc:subfield></marc:datafield></marc:record>