
<marc:record><marc:leader>07971cas a2201249 i 4500</marc:leader>
<marc:controlfield tag="001">ocm52391496 </marc:controlfield>
<marc:controlfield tag="003">OCoLC</marc:controlfield><marc:controlfield tag="005">20231226083644.0</marc:controlfield><marc:controlfield tag="006">m     o  d f      </marc:controlfield><marc:controlfield tag="007">cr bn|||||||||</marc:controlfield><marc:controlfield tag="008">030609c19779999dcuar  so v  f0    0eng c</marc:controlfield><marc:datafield tag="010" ind1=" " ind2=" "><marc:subfield code="a">  2015230643</marc:subfield></marc:datafield><marc:datafield tag="040" ind1=" " ind2=" "><marc:subfield code="a">LLMC2</marc:subfield><marc:subfield code="b">eng</marc:subfield><marc:subfield code="e">rda</marc:subfield><marc:subfield code="e">pn</marc:subfield><marc:subfield code="c">LLMC2</marc:subfield><marc:subfield code="d">OCLCQ</marc:subfield><marc:subfield code="d">LLMC2</marc:subfield><marc:subfield code="d">OCLCQ</marc:subfield><marc:subfield code="d">LLMC2</marc:subfield><marc:subfield code="d">OCL</marc:subfield><marc:subfield code="d">OCLCQ</marc:subfield><marc:subfield code="d">GWC</marc:subfield><marc:subfield code="d">OCLCA</marc:subfield><marc:subfield code="d">MLL</marc:subfield><marc:subfield code="d">LGG</marc:subfield><marc:subfield code="d">EMI</marc:subfield><marc:subfield code="d">OCLCE</marc:subfield><marc:subfield code="d">OCLCO</marc:subfield><marc:subfield code="d">OCLCA</marc:subfield><marc:subfield code="d">OCLCF</marc:subfield><marc:subfield code="d">BUF</marc:subfield><marc:subfield code="d">OCLCO</marc:subfield><marc:subfield code="d">GPO</marc:subfield><marc:subfield code="d">OCLCO</marc:subfield><marc:subfield code="d">DOS</marc:subfield><marc:subfield code="d">UWO</marc:subfield><marc:subfield code="d">GPO</marc:subfield><marc:subfield code="d">OCL</marc:subfield><marc:subfield code="d">GPO</marc:subfield><marc:subfield code="d">MERUC</marc:subfield><marc:subfield code="d">TFW</marc:subfield><marc:subfield code="d">OCL</marc:subfield><marc:subfield code="d">UUM</marc:subfield><marc:subfield code="d">AU@</marc:subfield><marc:subfield code="d">OCL</marc:subfield><marc:subfield code="d">GPO</marc:subfield><marc:subfield code="d">SFB</marc:subfield><marc:subfield code="d">LVT</marc:subfield><marc:subfield code="d">OCLCQ</marc:subfield><marc:subfield code="d">NKM</marc:subfield><marc:subfield code="d">OCLCQ</marc:subfield><marc:subfield code="d">GPO</marc:subfield></marc:datafield><marc:datafield tag="019" ind1=" " ind2=" "><marc:subfield code="a">72869257</marc:subfield><marc:subfield code="a">567891493</marc:subfield><marc:subfield code="a">606312533</marc:subfield><marc:subfield code="a">1055256130</marc:subfield><marc:subfield code="a">1105243602</marc:subfield><marc:subfield code="a">1117851225</marc:subfield><marc:subfield code="a">1119581137</marc:subfield><marc:subfield code="a">1141919086</marc:subfield><marc:subfield code="a">1184041484</marc:subfield><marc:subfield code="a">1298130011</marc:subfield></marc:datafield><marc:datafield tag="029" ind1="1" ind2=" "><marc:subfield code="a">AU@</marc:subfield><marc:subfield code="b">000044938241</marc:subfield></marc:datafield><marc:datafield tag="029" ind1="1" ind2=" "><marc:subfield code="a">AU@</marc:subfield><marc:subfield code="b">000045726070</marc:subfield></marc:datafield><marc:datafield tag="029" ind1="1" ind2=" "><marc:subfield code="a">AU@</marc:subfield><marc:subfield code="b">000051341807</marc:subfield></marc:datafield><marc:datafield tag="029" ind1="1" ind2=" "><marc:subfield code="a">NZ1</marc:subfield><marc:subfield code="b">12442672</marc:subfield></marc:datafield><marc:datafield tag="029" ind1="1" ind2=" "><marc:subfield code="a">NZ1</marc:subfield><marc:subfield code="b">16175863</marc:subfield></marc:datafield><marc:datafield tag="029" ind1="1" ind2=" "><marc:subfield code="a">OCLCS</marc:subfield><marc:subfield code="b">117490</marc:subfield></marc:datafield><marc:datafield tag="035" ind1=" " ind2=" "><marc:subfield code="a">(OCoLC)52391496</marc:subfield><marc:subfield code="z">(OCoLC)72869257</marc:subfield><marc:subfield code="z">(OCoLC)567891493</marc:subfield><marc:subfield code="z">(OCoLC)606312533</marc:subfield><marc:subfield code="z">(OCoLC)1055256130</marc:subfield><marc:subfield code="z">(OCoLC)1105243602</marc:subfield><marc:subfield code="z">(OCoLC)1117851225</marc:subfield><marc:subfield code="z">(OCoLC)1119581137</marc:subfield><marc:subfield code="z">(OCoLC)1141919086</marc:subfield><marc:subfield code="z">(OCoLC)1184041484</marc:subfield><marc:subfield code="z">(OCoLC)1298130011</marc:subfield></marc:datafield><marc:datafield tag="037" ind1=" " ind2=" "><marc:subfield code="a">82-206</marc:subfield><marc:subfield code="b">LLMC</marc:subfield></marc:datafield><marc:datafield tag="042" ind1=" " ind2=" "><marc:subfield code="a">pcc</marc:subfield><marc:subfield code="a">dlr</marc:subfield></marc:datafield><marc:datafield tag="043" ind1=" " ind2=" "><marc:subfield code="a">n-us---</marc:subfield></marc:datafield><marc:datafield tag="050" ind1=" " ind2="4"><marc:subfield code="a">KF5050</marc:subfield><marc:subfield code="b">.A5534</marc:subfield></marc:datafield><marc:datafield tag="074" ind1=" " ind2=" "><marc:subfield code="a">0717-C-04 (online)</marc:subfield></marc:datafield><marc:datafield tag="074" ind1=" " ind2=" "><marc:subfield code="a">0717-C-43 (online)</marc:subfield></marc:datafield><marc:datafield tag="082" ind1="0" ind2="4"><marc:subfield code="a">342.73/064/0264</marc:subfield></marc:datafield><marc:datafield tag="086" ind1="0" ind2=" "><marc:subfield code="a">J 1.5/4:</marc:subfield><marc:subfield code="z">J 1.5/4:9</marc:subfield></marc:datafield><marc:datafield tag="049" ind1=" " ind2=" "><marc:subfield code="a">GPOO</marc:subfield></marc:datafield><marc:datafield tag="110" ind1="1" ind2=" "><marc:subfield code="a">United States.</marc:subfield><marc:subfield code="b">Department of Justice.</marc:subfield><marc:subfield code="b">Office of Legal Counsel,</marc:subfield><marc:subfield code="e">author.</marc:subfield></marc:datafield><marc:datafield tag="240" ind1="1" ind2="0"><marc:subfield code="a">Opinions of the Office of Legal Counsel of the United States Department of Justice (Online)</marc:subfield></marc:datafield><marc:datafield tag="245" ind1="1" ind2="0"><marc:subfield code="a">Opinions of the Office of Legal Counsel of the United States Department of Justice.</marc:subfield></marc:datafield><marc:datafield tag="246" ind1="1" ind2=" "><marc:subfield code="i">Web page title:</marc:subfield><marc:subfield code="a">Opinions of the Office of Legal Counsel (Op. O.L.C.)</marc:subfield></marc:datafield><marc:datafield tag="264" ind1=" " ind2="1"><marc:subfield code="a">Washington :</marc:subfield><marc:subfield code="b">Office of Legal Counsel,</marc:subfield><marc:subfield code="c">1980-</marc:subfield></marc:datafield><marc:datafield tag="300" ind1=" " ind2=" "><marc:subfield code="a">1 online resource (volumes)</marc:subfield></marc:datafield><marc:datafield tag="310" ind1=" " ind2=" "><marc:subfield code="a">Annual</marc:subfield></marc:datafield><marc:datafield tag="336" ind1=" " ind2=" "><marc:subfield code="a">text</marc:subfield><marc:subfield code="b">txt</marc:subfield><marc:subfield code="2">rdacontent</marc:subfield></marc:datafield><marc:datafield tag="337" ind1=" " ind2=" "><marc:subfield code="a">computer</marc:subfield><marc:subfield code="b">c</marc:subfield><marc:subfield code="2">rdamedia</marc:subfield></marc:datafield><marc:datafield tag="338" ind1=" " ind2=" "><marc:subfield code="a">online resource</marc:subfield><marc:subfield code="b">cr</marc:subfield><marc:subfield code="2">rdacarrier</marc:subfield></marc:datafield><marc:datafield tag="362" ind1="1" ind2=" "><marc:subfield code="a">Began with: Volume 1 (January 27, 1977-December 31, 1977), published in 1980.</marc:subfield></marc:datafield><marc:datafield tag="500" ind1=" " ind2=" "><marc:subfield code="a">Beginning with v. 4A (1980), includes formal Attorney General opinions pending their publication in the Official opinions of the Attorneys General of the United States.</marc:subfield></marc:datafield><marc:datafield tag="500" ind1=" " ind2=" "><marc:subfield code="a">Vol. 4A includes section: Opinions of the Attorney General of the United States and of the Office of Legal Counsel relating to the Iranian Hostage Crisis, Nov. 7, 1979, through Feb. 5, 1981.</marc:subfield></marc:datafield><marc:datafield tag="500" ind1=" " ind2=" "><marc:subfield code="a">&quot;Consisting of selected memorandum opinions advising the President of the United States, the Attorney General, and other executive officers of the Federal Government in relation to their official duties.&quot;</marc:subfield></marc:datafield><marc:datafield tag="500" ind1=" " ind2=" "><marc:subfield code="a">In scope of the U.S. Government Publishing Office Cataloging and Indexing Program (C&amp;I) and Federal Depository Library Program (FDLP).</marc:subfield></marc:datafield><marc:datafield tag="504" ind1=" " ind2=" "><marc:subfield code="a">Includes bibliographical references and index.</marc:subfield></marc:datafield><marc:datafield tag="506" ind1=" " ind2=" "><marc:subfield code="3">Use copy</marc:subfield><marc:subfield code="f">Restrictions unspecified</marc:subfield><marc:subfield code="2">star</marc:subfield><marc:subfield code="5">MiAaHDL</marc:subfield></marc:datafield><marc:datafield tag="515" ind1=" " ind2=" "><marc:subfield code="a">Vol. 4 issued in 2 pts. (4A, 4B).</marc:subfield></marc:datafield><marc:datafield tag="515" ind1=" " ind2=" "><marc:subfield code="a">Some volumes issued in combined form.</marc:subfield></marc:datafield><marc:datafield tag="533" ind1=" " ind2=" "><marc:subfield code="a">Electronic reproduction.</marc:subfield><marc:subfield code="b">[Place of publication not identified] :</marc:subfield><marc:subfield code="c">HathiTrust Digital Library,</marc:subfield><marc:subfield code="d">2010.</marc:subfield><marc:subfield code="5">MiAaHDL</marc:subfield></marc:datafield><marc:datafield tag="538" ind1=" " ind2=" "><marc:subfield code="a">Master and use copy. Digital master created according to Benchmark for Faithful Digital Reproductions of Monographs and Serials, Version 1. Digital Library Federation, December 2002.</marc:subfield><marc:subfield code="u">http://purl.oclc.org/DLF/benchrepro0212</marc:subfield><marc:subfield code="5">MiAaHDL</marc:subfield></marc:datafield><marc:datafield tag="580" ind1=" " ind2=" "><marc:subfield code="a">Compiles: United States. Department of Justice. Office of Legal Counsel. Opinions.</marc:subfield></marc:datafield><marc:datafield tag="583" ind1="1" ind2=" "><marc:subfield code="a">digitized</marc:subfield><marc:subfield code="c">2010</marc:subfield><marc:subfield code="h">HathiTrust Digital Library</marc:subfield><marc:subfield code="l">committed to preserve</marc:subfield><marc:subfield code="2">pda</marc:subfield><marc:subfield code="5">MiAaHDL</marc:subfield></marc:datafield><marc:datafield tag="588" ind1="0" ind2=" "><marc:subfield code="a">Volume 1 (January 27, 1977-December 31, 1977), published in 1980; title from PDF title page (OLC website, viewed Sept. 18, 2023).</marc:subfield></marc:datafield><marc:datafield tag="588" ind1="1" ind2=" "><marc:subfield code="a">Volume 40 (2016), published in 2021 (OLC website, viewed Oct. 30, 2023).</marc:subfield></marc:datafield><marc:datafield tag="650" ind1=" " ind2="0"><marc:subfield code="a">Executive power</marc:subfield><marc:subfield code="z">United States</marc:subfield><marc:subfield code="v">Cases.</marc:subfield></marc:datafield><marc:datafield tag="650" ind1=" " ind2="0"><marc:subfield code="a">Conflict of interests</marc:subfield><marc:subfield code="z">United States</marc:subfield><marc:subfield code="v">Cases.</marc:subfield></marc:datafield><marc:datafield tag="650" ind1=" " ind2="0"><marc:subfield code="a">Executive departments</marc:subfield><marc:subfield code="z">United States</marc:subfield><marc:subfield code="v">Cases.</marc:subfield></marc:datafield><marc:datafield tag="650" ind1=" " ind2="0"><marc:subfield code="a">Attorneys general's opinions</marc:subfield><marc:subfield code="z">United States.</marc:subfield></marc:datafield><marc:datafield tag="650" ind1=" " ind2="7"><marc:subfield code="a">Attorneys general's opinions.</marc:subfield><marc:subfield code="2">fast</marc:subfield><marc:subfield code="0">(OCoLC)fst00820906</marc:subfield></marc:datafield><marc:datafield tag="650" ind1=" " ind2="7"><marc:subfield code="a">Conflict of interests.</marc:subfield><marc:subfield code="2">fast</marc:subfield><marc:subfield code="0">(OCoLC)fst00874822</marc:subfield></marc:datafield><marc:datafield tag="650" ind1=" " ind2="7"><marc:subfield code="a">Executive departments.</marc:subfield><marc:subfield code="2">fast</marc:subfield><marc:subfield code="0">(OCoLC)fst00917803</marc:subfield></marc:datafield><marc:datafield tag="650" ind1=" " ind2="7"><marc:subfield code="a">Executive power.</marc:subfield><marc:subfield code="2">fast</marc:subfield><marc:subfield code="0">(OCoLC)fst00917857</marc:subfield></marc:datafield><marc:datafield tag="651" ind1=" " ind2="7"><marc:subfield code="a">United States.</marc:subfield><marc:subfield code="2">fast</marc:subfield><marc:subfield code="0">(OCoLC)fst01204155</marc:subfield></marc:datafield><marc:datafield tag="650" ind1=" " ind2="7"><marc:subfield code="a">Avis juridique.</marc:subfield><marc:subfield code="2">rasuqam</marc:subfield></marc:datafield><marc:datafield tag="650" ind1=" " ind2="7"><marc:subfield code="a">Droit administratif.</marc:subfield><marc:subfield code="2">rasuqam</marc:subfield></marc:datafield><marc:datafield tag="650" ind1=" " ind2="7"><marc:subfield code="a">Droit constitutionnel.</marc:subfield><marc:subfield code="2">rasuqam</marc:subfield></marc:datafield><marc:datafield tag="650" ind1=" " ind2="7"><marc:subfield code="a">Droit international.</marc:subfield><marc:subfield code="2">rasuqam</marc:subfield></marc:datafield><marc:datafield tag="650" ind1=" " ind2="7"><marc:subfield code="a">Politique etrangere.</marc:subfield><marc:subfield code="2">rasuqam</marc:subfield></marc:datafield><marc:datafield tag="650" ind1=" " ind2="7"><marc:subfield code="a">Procureur general.</marc:subfield><marc:subfield code="2">rasuqam</marc:subfield></marc:datafield><marc:datafield tag="651" ind1=" " ind2="7"><marc:subfield code="a">Etats-Unis.</marc:subfield><marc:subfield code="2">rasuqam</marc:subfield></marc:datafield><marc:datafield tag="648" ind1=" " ind2="7"><marc:subfield code="a">1979-1981</marc:subfield><marc:subfield code="2">fast</marc:subfield></marc:datafield><marc:datafield tag="655" ind1=" " ind2="7"><marc:subfield code="a">Periodicals.</marc:subfield><marc:subfield code="2">fast</marc:subfield><marc:subfield code="0">(OCoLC)fst01411641</marc:subfield></marc:datafield><marc:datafield tag="655" ind1=" " ind2="7"><marc:subfield code="a">Trials, litigation, etc.</marc:subfield><marc:subfield code="2">fast</marc:subfield><marc:subfield code="0">(OCoLC)fst01423712</marc:subfield></marc:datafield><marc:datafield tag="655" ind1=" " ind2="7"><marc:subfield code="a">Periodique electronique (Descripteur de forme).</marc:subfield><marc:subfield code="2">rasuqam</marc:subfield></marc:datafield><marc:datafield tag="655" ind1=" " ind2="7"><marc:subfield code="a">Ressource Internet (Descripteur de forme)</marc:subfield><marc:subfield code="2">rasuqam</marc:subfield></marc:datafield><marc:datafield tag="770" ind1="0" ind2="8"><marc:subfield code="i">Supplement:</marc:subfield><marc:subfield code="a">United States. Department of Justice. Office of Legal Counsel.</marc:subfield><marc:subfield code="t">Supplemental opinions of the Office of Legal Counsel of the United States Department of Justice</marc:subfield><marc:subfield code="w">(DLC)  2013267016</marc:subfield><marc:subfield code="w">(OCoLC)854768020</marc:subfield></marc:datafield><marc:datafield tag="776" ind1="0" ind2="8"><marc:subfield code="i">Print version:</marc:subfield><marc:subfield code="a">United States. Department of Justice. Office of Legal Counsel.</marc:subfield><marc:subfield code="t">Opinions of the Office of Legal Counsel of the United States Department of Justice</marc:subfield><marc:subfield code="x">0270-2134</marc:subfield><marc:subfield code="w">(DLC)   80643741</marc:subfield><marc:subfield code="w">(OCoLC)6289282</marc:subfield></marc:datafield><marc:datafield tag="776" ind1="0" ind2="8"><marc:subfield code="i">Microfiche version:</marc:subfield><marc:subfield code="a">United States. Department of Justice. Office of Legal Counsel.</marc:subfield><marc:subfield code="t">Opinions of the Office of Legal Counsel of the United States Department of Justice</marc:subfield><marc:subfield code="w">(DLC)sn 97028162</marc:subfield><marc:subfield code="w">(OCoLC)36434355</marc:subfield></marc:datafield><marc:datafield tag="780" ind1="0" ind2="1"><marc:subfield code="a">United States. Department of Justice.</marc:subfield><marc:subfield code="s">Official opinions of the Attorneys General of the United States (Online)</marc:subfield><marc:subfield code="w">(OCoLC)55490377</marc:subfield></marc:datafield><marc:datafield tag="787" ind1="0" ind2=" "><marc:subfield code="a">United States. Department of Justice. Office of Legal Counsel.</marc:subfield><marc:subfield code="t">Opinions</marc:subfield><marc:subfield code="x">1945-4090</marc:subfield><marc:subfield code="w">(DLC)  2007230027</marc:subfield><marc:subfield code="w">(OCoLC)61455639</marc:subfield></marc:datafield><marc:datafield tag="856" ind1="4" ind2="0"><marc:subfield code="u">https://purl.fdlp.gov/GPO/gpo77870</marc:subfield><marc:subfield code="7">0</marc:subfield></marc:datafield><marc:datafield tag="856" ind1="4" ind2=" "><marc:subfield code="u">https://www.justice.gov/olc/opinions-volume</marc:subfield></marc:datafield><marc:datafield tag="856" ind1="4" ind2="0"><marc:subfield code="u">http://www.llmcdigital.org/default.aspx?redir=82206</marc:subfield></marc:datafield><marc:datafield tag="856" ind1="4" ind2="0"><marc:subfield code="3">HathiTrust Digital Library Full view</marc:subfield><marc:subfield code="u">http://catalog.hathitrust.org/api/volumes/oclc/6289282.html</marc:subfield></marc:datafield><marc:datafield tag="856" ind1="4" ind2="0"><marc:subfield code="3">HeinOnline</marc:subfield><marc:subfield code="u">http://www.heinonline.org/HOL/Index?index=agopinions/oolc&amp;collection=usfed</marc:subfield></marc:datafield><marc:datafield tag="856" ind1="4" ind2="0"><marc:subfield code="3">Google, v.9-11 1985-1987</marc:subfield><marc:subfield code="u">http://books.google.com/books?id=5n-RAAAAMAAJ</marc:subfield></marc:datafield><marc:datafield tag="856" ind1="4" ind2="0"><marc:subfield code="3">Google, v.4A 1980</marc:subfield><marc:subfield code="u">http://books.google.com/books?id=8DWQAAAAMAAJ</marc:subfield></marc:datafield><marc:datafield tag="856" ind1="4" ind2="0"><marc:subfield code="3">Google, v.12 1988</marc:subfield><marc:subfield code="u">http://books.google.com/books?id=0jeQAAAAMAAJ</marc:subfield></marc:datafield><marc:datafield tag="856" ind1="4" ind2="0"><marc:subfield code="3">Google, v.4B 1980</marc:subfield><marc:subfield code="u">http://books.google.com/books?id=wHCRAAAAMAAJ</marc:subfield></marc:datafield><marc:datafield tag="856" ind1="4" ind2="0"><marc:subfield code="3">Google, v.7-8 1983-1984</marc:subfield><marc:subfield code="u">http://books.google.com/books?id=BX2RAAAAMAAJ</marc:subfield></marc:datafield><marc:datafield tag="856" ind1="4" ind2="0"><marc:subfield code="3">Google, v.3 1979</marc:subfield><marc:subfield code="u">http://books.google.com/books?id=H7mQAAAAMAAJ</marc:subfield></marc:datafield><marc:datafield tag="856" ind1="4" ind2="0"><marc:subfield code="3">Google, v.1 1977</marc:subfield><marc:subfield code="u">http://books.google.com/books?id=bTSQAAAAMAAJ</marc:subfield></marc:datafield><marc:datafield tag="856" ind1="4" ind2="0"><marc:subfield code="3">Google, v.5 1981</marc:subfield><marc:subfield code="u">http://books.google.com/books?id=FHSRAAAAMAAJ</marc:subfield></marc:datafield><marc:datafield tag="856" ind1="4" ind2="0"><marc:subfield code="3">Google, v.6 1982</marc:subfield><marc:subfield code="u">http://books.google.com/books?id=53mRAAAAMAAJ</marc:subfield></marc:datafield><marc:datafield tag="856" ind1="4" ind2="0"><marc:subfield code="3">Google, v.2 1978</marc:subfield><marc:subfield code="u">http://books.google.com/books?id=traQAAAAMAAJ</marc:subfield></marc:datafield><marc:datafield tag="856" ind1="4" ind2="0"><marc:subfield code="3">Google, v.19-20 1995-1996</marc:subfield><marc:subfield code="u">http://books.google.com/books?id=jIWRAAAAMAAJ</marc:subfield></marc:datafield><marc:datafield tag="856" ind1="4" ind2="0"><marc:subfield code="3">Google, v.17-18 1993-1994</marc:subfield><marc:subfield code="u">http://books.google.com/books?id=QD6QAAAAMAAJ</marc:subfield></marc:datafield><marc:datafield tag="856" ind1="4" ind2="0"><marc:subfield code="3">Google, v.14-16 1990-1992</marc:subfield><marc:subfield code="u">http://books.google.com/books?id=1DuQAAAAMAAJ</marc:subfield></marc:datafield><marc:datafield tag="856" ind1="4" ind2="0"><marc:subfield code="3">Google, v.13 1989</marc:subfield><marc:subfield code="u">http://books.google.com/books?id=1jmQAAAAMAAJ</marc:subfield></marc:datafield><marc:datafield tag="856" ind1="4" ind2="0"><marc:subfield code="3">Google</marc:subfield><marc:subfield code="u">http://books.google.com/books?id=uIv9-FLWSLcC</marc:subfield></marc:datafield><marc:datafield tag="856" ind1="4" ind2="0"><marc:subfield code="3">Google</marc:subfield><marc:subfield code="u">http://books.google.com/books?id=uuCXdQvzLm8C</marc:subfield></marc:datafield><marc:datafield tag="856" ind1="4" ind2="0"><marc:subfield code="3">Google</marc:subfield><marc:subfield code="u">http://books.google.com/books?id=-nadFtYoYSYC</marc:subfield></marc:datafield><marc:datafield tag="856" ind1="4" ind2="0"><marc:subfield code="3">Google</marc:subfield><marc:subfield code="u">http://books.google.com/books?id=NZgINgGqJN0C</marc:subfield></marc:datafield><marc:datafield tag="856" ind1="4" ind2="0"><marc:subfield code="3">Google</marc:subfield><marc:subfield code="u">http://books.google.com/books?id=LovjnSmOfEIC</marc:subfield></marc:datafield><marc:datafield tag="856" ind1="4" ind2="0"><marc:subfield code="3">Google</marc:subfield><marc:subfield code="u">http://books.google.com/books?id=8hh4Y36i8QQC</marc:subfield></marc:datafield><marc:datafield tag="994" ind1=" " ind2=" "><marc:subfield code="a">C0</marc:subfield><marc:subfield code="b">GPO</marc:subfield></marc:datafield></marc:record>