
<marc:record><marc:leader>08023cas a2201417 a 4500</marc:leader>
<marc:controlfield tag="001">ocm51158221 </marc:controlfield>
<marc:controlfield tag="003">OCoLC</marc:controlfield><marc:controlfield tag="005">20231226083644.0</marc:controlfield><marc:controlfield tag="006">m     o  d f      </marc:controlfield><marc:controlfield tag="007">cr an|||||||||</marc:controlfield><marc:controlfield tag="008">021204c19uu9999dcuar  sos   f0    0eng c</marc:controlfield><marc:datafield tag="010" ind1=" " ind2=" "><marc:subfield code="a">  2004231771</marc:subfield></marc:datafield><marc:datafield tag="040" ind1=" " ind2=" "><marc:subfield code="a">UND</marc:subfield><marc:subfield code="b">eng</marc:subfield><marc:subfield code="c">UND</marc:subfield><marc:subfield code="d">OCLCQ</marc:subfield><marc:subfield code="d">GPO</marc:subfield><marc:subfield code="d">OCLCQ</marc:subfield><marc:subfield code="d">OCLCO</marc:subfield><marc:subfield code="d">GPO</marc:subfield><marc:subfield code="d">OCLCQ</marc:subfield><marc:subfield code="d">SLA</marc:subfield><marc:subfield code="d">LEGAL</marc:subfield><marc:subfield code="d">OCLCF</marc:subfield><marc:subfield code="d">OCLCE</marc:subfield><marc:subfield code="d">OCLCQ</marc:subfield><marc:subfield code="d">OCL</marc:subfield><marc:subfield code="d">OCLCQ</marc:subfield><marc:subfield code="d">CZL</marc:subfield><marc:subfield code="d">OCLCO</marc:subfield><marc:subfield code="d">OCLCQ</marc:subfield><marc:subfield code="d">OCLCL</marc:subfield></marc:datafield><marc:datafield tag="019" ind1=" " ind2=" "><marc:subfield code="a">180777438</marc:subfield><marc:subfield code="a">604516158</marc:subfield><marc:subfield code="a">647938925</marc:subfield></marc:datafield><marc:datafield tag="029" ind1="1" ind2=" "><marc:subfield code="a">AU@</marc:subfield><marc:subfield code="b">000026321889</marc:subfield></marc:datafield><marc:datafield tag="029" ind1="1" ind2=" "><marc:subfield code="a">GUL</marc:subfield><marc:subfield code="c">/p266901coll4</marc:subfield><marc:subfield code="t">CNTNT</marc:subfield></marc:datafield><marc:datafield tag="029" ind1="1" ind2=" "><marc:subfield code="a">LEGAL</marc:subfield><marc:subfield code="c">/p266901coll4</marc:subfield><marc:subfield code="t">CNTNT</marc:subfield></marc:datafield><marc:datafield tag="029" ind1="1" ind2=" "><marc:subfield code="a">NZ1</marc:subfield><marc:subfield code="b">13547252</marc:subfield></marc:datafield><marc:datafield tag="035" ind1=" " ind2=" "><marc:subfield code="a">(OCoLC)51158221</marc:subfield><marc:subfield code="z">(OCoLC)180777438</marc:subfield><marc:subfield code="z">(OCoLC)604516158</marc:subfield><marc:subfield code="z">(OCoLC)647938925</marc:subfield></marc:datafield><marc:datafield tag="042" ind1=" " ind2=" "><marc:subfield code="a">pcc</marc:subfield><marc:subfield code="a">dlr</marc:subfield></marc:datafield><marc:datafield tag="043" ind1=" " ind2=" "><marc:subfield code="a">n-us---</marc:subfield></marc:datafield><marc:datafield tag="050" ind1=" " ind2="4"><marc:subfield code="a">KF184</marc:subfield><marc:subfield code="b">.O353</marc:subfield></marc:datafield><marc:datafield tag="074" ind1=" " ind2=" "><marc:subfield code="a">0717-B-04 (online)</marc:subfield></marc:datafield><marc:datafield tag="086" ind1="0" ind2=" "><marc:subfield code="a">J 32.15:</marc:subfield></marc:datafield><marc:datafield tag="049" ind1=" " ind2=" "><marc:subfield code="a">GPOO</marc:subfield></marc:datafield><marc:datafield tag="130" ind1="0" ind2=" "><marc:subfield code="a">Juvenile court statistics (Washington, D.C. : Online)</marc:subfield></marc:datafield><marc:datafield tag="245" ind1="1" ind2="0"><marc:subfield code="a">Juvenile court statistics /</marc:subfield><marc:subfield code="c">U.S. Department of Justice, Office of Justice Programs, Office of Juvenile Justice and Delinquency Prevention.</marc:subfield></marc:datafield><marc:datafield tag="260" ind1=" " ind2=" "><marc:subfield code="a">Washington, D.C. :</marc:subfield><marc:subfield code="b">Office of Juvenile Justice and Delinquency Prevention</marc:subfield></marc:datafield><marc:datafield tag="310" ind1=" " ind2=" "><marc:subfield code="a">Annual</marc:subfield></marc:datafield><marc:datafield tag="336" ind1=" " ind2=" "><marc:subfield code="a">text</marc:subfield><marc:subfield code="b">txt</marc:subfield><marc:subfield code="2">rdacontent</marc:subfield></marc:datafield><marc:datafield tag="337" ind1=" " ind2=" "><marc:subfield code="a">computer</marc:subfield><marc:subfield code="b">c</marc:subfield><marc:subfield code="2">rdamedia</marc:subfield></marc:datafield><marc:datafield tag="338" ind1=" " ind2=" "><marc:subfield code="a">online resource</marc:subfield><marc:subfield code="b">cr</marc:subfield><marc:subfield code="2">rdacarrier</marc:subfield></marc:datafield><marc:datafield tag="490" ind1="1" ind2=" "><marc:subfield code="a">OJJDP report</marc:subfield></marc:datafield><marc:datafield tag="506" ind1=" " ind2=" "><marc:subfield code="3">Use copy</marc:subfield><marc:subfield code="f">Restrictions unspecified</marc:subfield><marc:subfield code="2">star</marc:subfield><marc:subfield code="5">MiAaHDL</marc:subfield></marc:datafield><marc:datafield tag="533" ind1=" " ind2=" "><marc:subfield code="a">Electronic reproduction.</marc:subfield><marc:subfield code="b">[S.l.] :</marc:subfield><marc:subfield code="c">HathiTrust Digital Library,</marc:subfield><marc:subfield code="d">2010.</marc:subfield><marc:subfield code="5">MiAaHDL</marc:subfield></marc:datafield><marc:datafield tag="538" ind1=" " ind2=" "><marc:subfield code="a">Master and use copy. Digital master created according to Benchmark for Faithful Digital Reproductions of Monographs and Serials, Version 1. Digital Library Federation, December 2002.</marc:subfield><marc:subfield code="u">http://purl.oclc.org/DLF/benchrepro0212</marc:subfield><marc:subfield code="5">MiAaHDL</marc:subfield></marc:datafield><marc:datafield tag="580" ind1=" " ind2=" "><marc:subfield code="a">Summarized by: Offenders in juvenile court.</marc:subfield></marc:datafield><marc:datafield tag="583" ind1="1" ind2=" "><marc:subfield code="a">digitized</marc:subfield><marc:subfield code="c">2010</marc:subfield><marc:subfield code="h">HathiTrust Digital Library</marc:subfield><marc:subfield code="l">committed to preserve</marc:subfield><marc:subfield code="2">pda</marc:subfield><marc:subfield code="5">MiAaHDL</marc:subfield></marc:datafield><marc:datafield tag="588" ind1=" " ind2=" "><marc:subfield code="a">Description based on: 1993, published in 1996; title from PDF cover (viewed Dec. 4, 2002).</marc:subfield></marc:datafield><marc:datafield tag="588" ind1=" " ind2=" "><marc:subfield code="a">Latest issue consulted: 2013, published in 2015.</marc:subfield></marc:datafield><marc:datafield tag="650" ind1=" " ind2="0"><marc:subfield code="a">Juvenile courts</marc:subfield><marc:subfield code="z">United States</marc:subfield><marc:subfield code="v">Statistics</marc:subfield><marc:subfield code="v">Periodicals.</marc:subfield></marc:datafield><marc:datafield tag="650" ind1=" " ind2="6"><marc:subfield code="a">Tribunaux pour enfants et adolescents</marc:subfield><marc:subfield code="0">(CaQQLa)201-0024541</marc:subfield><marc:subfield code="z">Etats-Unis</marc:subfield><marc:subfield code="0">(CaQQLa)201-0407727</marc:subfield><marc:subfield code="v">Statistiques</marc:subfield><marc:subfield code="0">(CaQQLa)201-0378300</marc:subfield><marc:subfield code="v">Periodiques.</marc:subfield><marc:subfield code="0">(CaQQLa)201-0378307</marc:subfield></marc:datafield><marc:datafield tag="650" ind1=" " ind2="7"><marc:subfield code="a">Juvenile courts.</marc:subfield><marc:subfield code="2">fast</marc:subfield><marc:subfield code="0">(OCoLC)fst00985305</marc:subfield></marc:datafield><marc:datafield tag="651" ind1=" " ind2="7"><marc:subfield code="a">United States.</marc:subfield><marc:subfield code="2">fast</marc:subfield><marc:subfield code="0">(OCoLC)fst01204155</marc:subfield><marc:subfield code="1">https://id.oclc.org/worldcat/entity/E39PBJtxgQXMWqmjMjjwXRHgrq</marc:subfield></marc:datafield><marc:datafield tag="655" ind1=" " ind2="7"><marc:subfield code="a">Periodicals.</marc:subfield><marc:subfield code="2">fast</marc:subfield><marc:subfield code="0">(OCoLC)fst01411641</marc:subfield></marc:datafield><marc:datafield tag="655" ind1=" " ind2="7"><marc:subfield code="a">Statistics.</marc:subfield><marc:subfield code="2">fast</marc:subfield><marc:subfield code="0">(OCoLC)fst01423727</marc:subfield></marc:datafield><marc:datafield tag="710" ind1="1" ind2=" "><marc:subfield code="a">United States.</marc:subfield><marc:subfield code="b">Office of Juvenile Justice and Delinquency Prevention.</marc:subfield></marc:datafield><marc:datafield tag="776" ind1="0" ind2="8"><marc:subfield code="i">Print version, -1998:</marc:subfield><marc:subfield code="t">Juvenile court statistics (Washington, D.C.)</marc:subfield><marc:subfield code="x">0091-3278</marc:subfield><marc:subfield code="w">(DLC)   73643858</marc:subfield><marc:subfield code="w">(OCoLC)1786924</marc:subfield></marc:datafield><marc:datafield tag="776" ind1="0" ind2="8"><marc:subfield code="i">Microfiche version, -1998:</marc:subfield><marc:subfield code="t">Juvenile court statistics (Washington, D.C.)</marc:subfield><marc:subfield code="w">(DLC)sn 89026192</marc:subfield><marc:subfield code="w">(OCoLC)18131741</marc:subfield></marc:datafield><marc:datafield tag="787" ind1="1" ind2=" "><marc:subfield code="t">Offenders in juvenile court (Online)</marc:subfield><marc:subfield code="w">(DLC)  2001231486</marc:subfield><marc:subfield code="w">(OCoLC)48204994</marc:subfield></marc:datafield><marc:datafield tag="830" ind1=" " ind2="0"><marc:subfield code="a">OJJDP report.</marc:subfield></marc:datafield><marc:datafield tag="856" ind1="4" ind2="0"><marc:subfield code="3">Google</marc:subfield><marc:subfield code="u">http://books.google.com/books?id=Ai3ei3C-hiwC</marc:subfield></marc:datafield><marc:datafield tag="856" ind1="4" ind2="0"><marc:subfield code="3">Google</marc:subfield><marc:subfield code="u">http://books.google.com/books?id=hWnh_snScZoC</marc:subfield></marc:datafield><marc:datafield tag="856" ind1="4" ind2="0"><marc:subfield code="3">Google</marc:subfield><marc:subfield code="u">http://books.google.com/books?id=pZBvNi3PAmoC</marc:subfield></marc:datafield><marc:datafield tag="856" ind1="4" ind2="0"><marc:subfield code="3">Google</marc:subfield><marc:subfield code="u">http://books.google.com/books?id=HRcYL_Y9e8oC</marc:subfield></marc:datafield><marc:datafield tag="856" ind1="4" ind2="0"><marc:subfield code="3">Google</marc:subfield><marc:subfield code="u">http://books.google.com/books?id=67nhwJ2n_OEC</marc:subfield></marc:datafield><marc:datafield tag="856" ind1="4" ind2="0"><marc:subfield code="3">Google</marc:subfield><marc:subfield code="u">http://books.google.com/books?id=4XUUgDwoBeMC</marc:subfield></marc:datafield><marc:datafield tag="856" ind1="4" ind2="0"><marc:subfield code="3">Google</marc:subfield><marc:subfield code="u">http://books.google.com/books?id=CCBc29U_XYYC</marc:subfield></marc:datafield><marc:datafield tag="856" ind1="4" ind2="0"><marc:subfield code="3">Google, 1986</marc:subfield><marc:subfield code="u">http://books.google.com/books?id=rBoCAAAAIAAJ</marc:subfield></marc:datafield><marc:datafield tag="856" ind1="4" ind2="0"><marc:subfield code="3">Google</marc:subfield><marc:subfield code="u">http://books.google.com/books?id=iFthNUeVpy4C</marc:subfield></marc:datafield><marc:datafield tag="856" ind1="4" ind2="0"><marc:subfield code="3">Google</marc:subfield><marc:subfield code="u">http://books.google.com/books?id=LUDxi9J47goC</marc:subfield></marc:datafield><marc:datafield tag="856" ind1="4" ind2="0"><marc:subfield code="3">Google</marc:subfield><marc:subfield code="u">http://books.google.com/books?id=iHB7gEJ5TVIC</marc:subfield></marc:datafield><marc:datafield tag="856" ind1="4" ind2="0"><marc:subfield code="3">Google</marc:subfield><marc:subfield code="u">http://books.google.com/books?id=XXsSmxQxukYC</marc:subfield></marc:datafield><marc:datafield tag="856" ind1="4" ind2="0"><marc:subfield code="3">Google</marc:subfield><marc:subfield code="u">http://books.google.com/books?id=UyzA9k2WYxIC</marc:subfield></marc:datafield><marc:datafield tag="856" ind1="4" ind2="0"><marc:subfield code="3">Google</marc:subfield><marc:subfield code="u">http://books.google.com/books?id=DGUiWFS3oUAC</marc:subfield></marc:datafield><marc:datafield tag="856" ind1="4" ind2="0"><marc:subfield code="3">Google</marc:subfield><marc:subfield code="u">http://books.google.com/books?id=eNEXRqmV89IC</marc:subfield></marc:datafield><marc:datafield tag="856" ind1="4" ind2="0"><marc:subfield code="3">Google</marc:subfield><marc:subfield code="u">http://books.google.com/books?id=Nz9LJ8ycBpAC</marc:subfield></marc:datafield><marc:datafield tag="856" ind1="4" ind2="0"><marc:subfield code="3">Google</marc:subfield><marc:subfield code="u">http://books.google.com/books?id=LtukoWyEoNsC</marc:subfield></marc:datafield><marc:datafield tag="856" ind1="4" ind2="0"><marc:subfield code="3">Google</marc:subfield><marc:subfield code="u">http://books.google.com/books?id=Tiw4AQAAMAAJ</marc:subfield></marc:datafield><marc:datafield tag="856" ind1="4" ind2="0"><marc:subfield code="3">Google</marc:subfield><marc:subfield code="u">http://books.google.com/books?id=ZSw4AQAAMAAJ</marc:subfield></marc:datafield><marc:datafield tag="856" ind1="4" ind2="0"><marc:subfield code="3">Google</marc:subfield><marc:subfield code="u">http://books.google.com/books?id=eiw4AQAAMAAJ</marc:subfield></marc:datafield><marc:datafield tag="856" ind1="4" ind2="0"><marc:subfield code="3">Google</marc:subfield><marc:subfield code="u">http://books.google.com/books?id=-oS7ze5X0D0C</marc:subfield></marc:datafield><marc:datafield tag="856" ind1="4" ind2="0"><marc:subfield code="3">Google, 1988</marc:subfield><marc:subfield code="u">http://books.google.com/books?id=wnvaAAAAMAAJ</marc:subfield></marc:datafield><marc:datafield tag="856" ind1="4" ind2="0"><marc:subfield code="3">Google, 1974</marc:subfield><marc:subfield code="u">http://books.google.com/books?id=yHraAAAAMAAJ</marc:subfield></marc:datafield><marc:datafield tag="856" ind1="4" ind2="0"><marc:subfield code="3">HathiTrust Digital Library, Full view</marc:subfield><marc:subfield code="u">http://catalog.hathitrust.org/api/volumes/oclc/1786924.html</marc:subfield></marc:datafield><marc:datafield tag="856" ind1="4" ind2="0"><marc:subfield code="u">https://purl.fdlp.gov/GPO/LPS16327</marc:subfield><marc:subfield code="7">0</marc:subfield></marc:datafield><marc:datafield tag="856" ind1="4" ind2="0"><marc:subfield code="u">http://ojjdp.ncjrs.org/ojstatbb/njcda/asp/sort_publication.asp?Type=Topic#Juvenile%20Court%20Statistics</marc:subfield></marc:datafield><marc:datafield tag="856" ind1="4" ind2="0"><marc:subfield code="u">http://ojjdp.ncjrs.org/ojstatbb/njcda/asp/products.asp</marc:subfield></marc:datafield><marc:datafield tag="856" ind1="4" ind2="1"><marc:subfield code="3">Online version</marc:subfield><marc:subfield code="u">http://worldcat.org/oclc/180777438/viewonline</marc:subfield></marc:datafield><marc:datafield tag="856" ind1="4" ind2=" "><marc:subfield code="u">https://www.ncjrs.gov/App/Publications/alphaList.aspx?alpha=J</marc:subfield></marc:datafield><marc:datafield tag="856" ind1="4" ind2="0"><marc:subfield code="3">Google</marc:subfield><marc:subfield code="u">http://books.google.com/books?id=4onQaxRAr60C</marc:subfield></marc:datafield><marc:datafield tag="856" ind1="4" ind2="0"><marc:subfield code="3">Google</marc:subfield><marc:subfield code="u">http://books.google.com/books?id=erG4sPxNbHAC</marc:subfield></marc:datafield><marc:datafield tag="856" ind1="4" ind2="0"><marc:subfield code="3">Google</marc:subfield><marc:subfield code="u">http://books.google.com/books?id=eibLKyKRaGAC</marc:subfield></marc:datafield><marc:datafield tag="856" ind1="4" ind2="0"><marc:subfield code="3">Google</marc:subfield><marc:subfield code="u">http://books.google.com/books?id=65mPgDPz_TwC</marc:subfield></marc:datafield><marc:datafield tag="856" ind1="4" ind2="0"><marc:subfield code="3">Google</marc:subfield><marc:subfield code="u">http://books.google.com/books?id=CyBGejbNqi4C</marc:subfield></marc:datafield><marc:datafield tag="856" ind1="4" ind2="0"><marc:subfield code="3">Google</marc:subfield><marc:subfield code="u">http://books.google.com/books?id=8mC0VZG-lBUC</marc:subfield></marc:datafield><marc:datafield tag="856" ind1="4" ind2="0"><marc:subfield code="3">Google</marc:subfield><marc:subfield code="u">http://books.google.com/books?id=hfyj9KRSKxkC</marc:subfield></marc:datafield><marc:datafield tag="856" ind1="4" ind2="0"><marc:subfield code="3">Google</marc:subfield><marc:subfield code="u">http://books.google.com/books?id=JGs0UBfh6qUC</marc:subfield></marc:datafield><marc:datafield tag="856" ind1="4" ind2="0"><marc:subfield code="3">Google</marc:subfield><marc:subfield code="u">http://books.google.com/books?id=fqXViJLinwQC</marc:subfield></marc:datafield><marc:datafield tag="856" ind1="4" ind2="0"><marc:subfield code="3">Google</marc:subfield><marc:subfield code="u">http://books.google.com/books?id=J2FH16jMglkC</marc:subfield></marc:datafield><marc:datafield tag="856" ind1="4" ind2="0"><marc:subfield code="3">Google</marc:subfield><marc:subfield code="u">http://books.google.com/books?id=-dMLVWNY5jIC</marc:subfield></marc:datafield><marc:datafield tag="856" ind1="4" ind2="0"><marc:subfield code="3">Google</marc:subfield><marc:subfield code="u">http://books.google.com/books?id=dNNvu_Wja3cC</marc:subfield></marc:datafield><marc:datafield tag="856" ind1="4" ind2="0"><marc:subfield code="3">Google</marc:subfield><marc:subfield code="u">http://books.google.com/books?id=dIOYIv-Dk-gC</marc:subfield></marc:datafield><marc:datafield tag="856" ind1="4" ind2="0"><marc:subfield code="3">Google</marc:subfield><marc:subfield code="u">http://books.google.com/books?id=_xjxZbNYrIkC</marc:subfield></marc:datafield><marc:datafield tag="856" ind1="4" ind2="0"><marc:subfield code="3">Google</marc:subfield><marc:subfield code="u">http://books.google.com/books?id=qYJ8LVDTmGAC</marc:subfield></marc:datafield><marc:datafield tag="856" ind1="4" ind2="0"><marc:subfield code="3">Google</marc:subfield><marc:subfield code="u">http://books.google.com/books?id=-piv52JacVsC</marc:subfield></marc:datafield><marc:datafield tag="856" ind1="4" ind2="0"><marc:subfield code="3">Google</marc:subfield><marc:subfield code="u">http://books.google.com/books?id=X5sLJbvSo3wC</marc:subfield></marc:datafield><marc:datafield tag="856" ind1="4" ind2="0"><marc:subfield code="3">Google</marc:subfield><marc:subfield code="u">http://books.google.com/books?id=C8Ddy11ucs0C</marc:subfield></marc:datafield><marc:datafield tag="856" ind1="4" ind2="0"><marc:subfield code="3">Google</marc:subfield><marc:subfield code="u">http://books.google.com/books?id=3e9uAjn41zgC</marc:subfield></marc:datafield><marc:datafield tag="856" ind1="4" ind2="0"><marc:subfield code="3">Google</marc:subfield><marc:subfield code="u">http://books.google.com/books?id=HwROorG51dkC</marc:subfield></marc:datafield><marc:datafield tag="856" ind1="4" ind2="0"><marc:subfield code="3">Google</marc:subfield><marc:subfield code="u">http://books.google.com/books?id=VTXXzIKDERQC</marc:subfield></marc:datafield><marc:datafield tag="856" ind1="4" ind2="0"><marc:subfield code="3">Google</marc:subfield><marc:subfield code="u">http://books.google.com/books?id=2o8ozXL6Ox0C</marc:subfield></marc:datafield><marc:datafield tag="856" ind1="4" ind2="0"><marc:subfield code="3">Google</marc:subfield><marc:subfield code="u">http://books.google.com/books?id=W7pFARUuFs8C</marc:subfield></marc:datafield><marc:datafield tag="856" ind1="4" ind2="0"><marc:subfield code="3">Google</marc:subfield><marc:subfield code="u">http://books.google.com/books?id=5nsOt5gROSEC</marc:subfield></marc:datafield><marc:datafield tag="856" ind1="4" ind2="0"><marc:subfield code="3">Google</marc:subfield><marc:subfield code="u">http://books.google.com/books?id=CPSe4I3HbaAC</marc:subfield></marc:datafield><marc:datafield tag="856" ind1="4" ind2="0"><marc:subfield code="3">Google</marc:subfield><marc:subfield code="u">http://books.google.com/books?id=vCFupAl6mRgC</marc:subfield></marc:datafield><marc:datafield tag="856" ind1="4" ind2="0"><marc:subfield code="3">Google</marc:subfield><marc:subfield code="u">http://books.google.com/books?id=bLbB0IeSUJkC</marc:subfield></marc:datafield><marc:datafield tag="856" ind1="4" ind2="0"><marc:subfield code="3">Google</marc:subfield><marc:subfield code="u">http://books.google.com/books?id=_7Umb7kD5doC</marc:subfield></marc:datafield><marc:datafield tag="856" ind1="4" ind2="0"><marc:subfield code="3">Google</marc:subfield><marc:subfield code="u">http://books.google.com/books?id=9Fu7vmDkNYkC</marc:subfield></marc:datafield><marc:datafield tag="856" ind1="4" ind2="0"><marc:subfield code="3">Google</marc:subfield><marc:subfield code="u">http://books.google.com/books?id=TcsRLc4vOA8C</marc:subfield></marc:datafield><marc:datafield tag="856" ind1="4" ind2="0"><marc:subfield code="3">Google</marc:subfield><marc:subfield code="u">http://books.google.com/books?id=QwRbCfTgbFAC</marc:subfield></marc:datafield><marc:datafield tag="856" ind1="4" ind2="0"><marc:subfield code="3">Google</marc:subfield><marc:subfield code="u">http://books.google.com/books?id=IZOLXgK24KoC</marc:subfield></marc:datafield><marc:datafield tag="856" ind1="4" ind2="0"><marc:subfield code="3">Google</marc:subfield><marc:subfield code="u">http://books.google.com/books?id=uaYIk-XGicwC</marc:subfield></marc:datafield><marc:datafield tag="856" ind1="4" ind2="0"><marc:subfield code="3">Google</marc:subfield><marc:subfield code="u">http://books.google.com/books?id=5jU-BpQTPLkC</marc:subfield></marc:datafield><marc:datafield tag="856" ind1="4" ind2="0"><marc:subfield code="3">Google</marc:subfield><marc:subfield code="u">http://books.google.com/books?id=Rqd6A-8n1BEC</marc:subfield></marc:datafield><marc:datafield tag="856" ind1="4" ind2="0"><marc:subfield code="3">Google</marc:subfield><marc:subfield code="u">http://books.google.com/books?id=0jcGfWJup4YC</marc:subfield></marc:datafield><marc:datafield tag="856" ind1="4" ind2="0"><marc:subfield code="3">Google</marc:subfield><marc:subfield code="u">http://books.google.com/books?id=RD44IQjPAekC</marc:subfield></marc:datafield><marc:datafield tag="856" ind1="4" ind2="0"><marc:subfield code="3">Google</marc:subfield><marc:subfield code="u">http://books.google.com/books?id=zfsG4yOx-vMC</marc:subfield></marc:datafield><marc:datafield tag="856" ind1="4" ind2="0"><marc:subfield code="3">Google</marc:subfield><marc:subfield code="u">http://books.google.com/books?id=STXGZoIow2cC</marc:subfield></marc:datafield><marc:datafield tag="856" ind1="4" ind2="0"><marc:subfield code="3">Google</marc:subfield><marc:subfield code="u">http://books.google.com/books?id=aPYRRPZ_fJ8C</marc:subfield></marc:datafield><marc:datafield tag="994" ind1=" " ind2=" "><marc:subfield code="a">C0</marc:subfield><marc:subfield code="b">GPO</marc:subfield></marc:datafield></marc:record>