
<marc:record><marc:leader>06002cas a2200937 a 4500</marc:leader>
<marc:controlfield tag="001">ocm47792554 </marc:controlfield>
<marc:controlfield tag="003">OCoLC</marc:controlfield><marc:controlfield tag="005">20231226083644.0</marc:controlfield><marc:controlfield tag="006">m     o  d f      </marc:controlfield><marc:controlfield tag="007">cr an|||||||||</marc:controlfield><marc:controlfield tag="008">010816d19682012dcumr pso    f0    0eng c</marc:controlfield><marc:datafield tag="010" ind1=" " ind2=" "><marc:subfield code="a">  2001231390</marc:subfield></marc:datafield><marc:datafield tag="040" ind1=" " ind2=" "><marc:subfield code="a">GPO</marc:subfield><marc:subfield code="b">eng</marc:subfield><marc:subfield code="c">GPO</marc:subfield><marc:subfield code="d">OCLCQ</marc:subfield><marc:subfield code="d">LLMC2</marc:subfield><marc:subfield code="d">OCLCQ</marc:subfield><marc:subfield code="d">NLA</marc:subfield><marc:subfield code="d">DOS</marc:subfield><marc:subfield code="d">OCLCQ</marc:subfield><marc:subfield code="d">GPO</marc:subfield><marc:subfield code="d">OCLCQ</marc:subfield><marc:subfield code="d">OCLCF</marc:subfield><marc:subfield code="d">CUD</marc:subfield><marc:subfield code="d">HEBIS</marc:subfield><marc:subfield code="d">OCLCQ</marc:subfield><marc:subfield code="d">GPO</marc:subfield><marc:subfield code="d">OCLCQ</marc:subfield><marc:subfield code="d">OCLCE</marc:subfield><marc:subfield code="d">UKBOL</marc:subfield><marc:subfield code="d">VT2</marc:subfield><marc:subfield code="d">UAB</marc:subfield><marc:subfield code="d">OCLCQ</marc:subfield><marc:subfield code="d">Z5A</marc:subfield><marc:subfield code="d">RCE</marc:subfield><marc:subfield code="d">IOG</marc:subfield><marc:subfield code="d">U3W</marc:subfield><marc:subfield code="d">WYU</marc:subfield><marc:subfield code="d">DLC</marc:subfield><marc:subfield code="d">AUD</marc:subfield><marc:subfield code="d">INARC</marc:subfield><marc:subfield code="d">FIE</marc:subfield><marc:subfield code="d">CUS</marc:subfield><marc:subfield code="d">OCLCQ</marc:subfield><marc:subfield code="d">SFB</marc:subfield><marc:subfield code="d">OCLCL</marc:subfield></marc:datafield><marc:datafield tag="016" ind1="7" ind2=" "><marc:subfield code="a">2167576-4</marc:subfield><marc:subfield code="2">DE-600</marc:subfield></marc:datafield><marc:datafield tag="019" ind1=" " ind2=" "><marc:subfield code="a">58922025</marc:subfield><marc:subfield code="a">60637758</marc:subfield><marc:subfield code="a">607068728</marc:subfield><marc:subfield code="a">613094368</marc:subfield><marc:subfield code="a">795988571</marc:subfield><marc:subfield code="a">855158133</marc:subfield><marc:subfield code="a">926269238</marc:subfield><marc:subfield code="a">962800404</marc:subfield><marc:subfield code="a">964920534</marc:subfield><marc:subfield code="a">971080970</marc:subfield><marc:subfield code="a">974852036</marc:subfield><marc:subfield code="a">981023044</marc:subfield><marc:subfield code="a">981554021</marc:subfield><marc:subfield code="a">988654451</marc:subfield><marc:subfield code="a">989480490</marc:subfield><marc:subfield code="a">992950192</marc:subfield><marc:subfield code="a">993490789</marc:subfield><marc:subfield code="a">999569964</marc:subfield><marc:subfield code="a">1001390098</marc:subfield><marc:subfield code="a">1002368539</marc:subfield><marc:subfield code="a">1003418662</marc:subfield><marc:subfield code="a">1003846148</marc:subfield><marc:subfield code="a">1004579786</marc:subfield><marc:subfield code="a">1005274839</marc:subfield><marc:subfield code="a">1006082016</marc:subfield><marc:subfield code="a">1006522875</marc:subfield><marc:subfield code="a">1010961967</marc:subfield><marc:subfield code="a">1013319875</marc:subfield><marc:subfield code="a">1014112371</marc:subfield><marc:subfield code="a">1017875692</marc:subfield><marc:subfield code="a">1017960167</marc:subfield><marc:subfield code="a">1020075997</marc:subfield><marc:subfield code="a">1021248895</marc:subfield><marc:subfield code="a">1030841903</marc:subfield><marc:subfield code="a">1034637391</marc:subfield><marc:subfield code="a">1035877697</marc:subfield><marc:subfield code="a">1043623955</marc:subfield><marc:subfield code="a">1050777374</marc:subfield><marc:subfield code="a">1059438429</marc:subfield><marc:subfield code="a">1060735614</marc:subfield><marc:subfield code="a">1076426262</marc:subfield><marc:subfield code="a">1085909557</marc:subfield><marc:subfield code="a">1089406114</marc:subfield><marc:subfield code="a">1091249505</marc:subfield><marc:subfield code="a">1091683493</marc:subfield><marc:subfield code="a">1099113597</marc:subfield><marc:subfield code="a">1126285358</marc:subfield></marc:datafield><marc:datafield tag="022" ind1=" " ind2=" "><marc:subfield code="y">0040-6120</marc:subfield></marc:datafield><marc:datafield tag="029" ind1="1" ind2=" "><marc:subfield code="a">AU@</marc:subfield><marc:subfield code="b">000022938654</marc:subfield></marc:datafield><marc:datafield tag="029" ind1="1" ind2=" "><marc:subfield code="a">AU@</marc:subfield><marc:subfield code="b">000045716974</marc:subfield></marc:datafield><marc:datafield tag="029" ind1="1" ind2=" "><marc:subfield code="a">CHDSB</marc:subfield><marc:subfield code="b">006426740</marc:subfield></marc:datafield><marc:datafield tag="029" ind1="1" ind2=" "><marc:subfield code="a">HEBIS</marc:subfield><marc:subfield code="b">124823564</marc:subfield></marc:datafield><marc:datafield tag="029" ind1="1" ind2=" "><marc:subfield code="a">NZ1</marc:subfield><marc:subfield code="b">12136973</marc:subfield></marc:datafield><marc:datafield tag="029" ind1="1" ind2=" "><marc:subfield code="a">NZ1</marc:subfield><marc:subfield code="b">16179606</marc:subfield></marc:datafield><marc:datafield tag="029" ind1="1" ind2=" "><marc:subfield code="a">OCLCS</marc:subfield><marc:subfield code="b">39793</marc:subfield></marc:datafield><marc:datafield tag="029" ind1="1" ind2=" "><marc:subfield code="a">OCLCS</marc:subfield><marc:subfield code="b">OP-46943</marc:subfield></marc:datafield><marc:datafield tag="035" ind1=" " ind2=" "><marc:subfield code="a">(OCoLC)47792554</marc:subfield><marc:subfield code="z">(OCoLC)58922025</marc:subfield><marc:subfield code="z">(OCoLC)60637758</marc:subfield><marc:subfield code="z">(OCoLC)607068728</marc:subfield><marc:subfield code="z">(OCoLC)613094368</marc:subfield><marc:subfield code="z">(OCoLC)795988571</marc:subfield><marc:subfield code="z">(OCoLC)855158133</marc:subfield><marc:subfield code="z">(OCoLC)926269238</marc:subfield><marc:subfield code="z">(OCoLC)962800404</marc:subfield><marc:subfield code="z">(OCoLC)964920534</marc:subfield><marc:subfield code="z">(OCoLC)971080970</marc:subfield><marc:subfield code="z">(OCoLC)974852036</marc:subfield><marc:subfield code="z">(OCoLC)981023044</marc:subfield><marc:subfield code="z">(OCoLC)981554021</marc:subfield><marc:subfield code="z">(OCoLC)988654451</marc:subfield><marc:subfield code="z">(OCoLC)989480490</marc:subfield><marc:subfield code="z">(OCoLC)992950192</marc:subfield><marc:subfield code="z">(OCoLC)993490789</marc:subfield><marc:subfield code="z">(OCoLC)999569964</marc:subfield><marc:subfield code="z">(OCoLC)1001390098</marc:subfield><marc:subfield code="z">(OCoLC)1002368539</marc:subfield><marc:subfield code="z">(OCoLC)1003418662</marc:subfield><marc:subfield code="z">(OCoLC)1003846148</marc:subfield><marc:subfield code="z">(OCoLC)1004579786</marc:subfield><marc:subfield code="z">(OCoLC)1005274839</marc:subfield><marc:subfield code="z">(OCoLC)1006082016</marc:subfield><marc:subfield code="z">(OCoLC)1006522875</marc:subfield><marc:subfield code="z">(OCoLC)1010961967</marc:subfield><marc:subfield code="z">(OCoLC)1013319875</marc:subfield><marc:subfield code="z">(OCoLC)1014112371</marc:subfield><marc:subfield code="z">(OCoLC)1017875692</marc:subfield><marc:subfield code="z">(OCoLC)1017960167</marc:subfield><marc:subfield code="z">(OCoLC)1020075997</marc:subfield><marc:subfield code="z">(OCoLC)1021248895</marc:subfield><marc:subfield code="z">(OCoLC)1030841903</marc:subfield><marc:subfield code="z">(OCoLC)1034637391</marc:subfield><marc:subfield code="z">(OCoLC)1035877697</marc:subfield><marc:subfield code="z">(OCoLC)1043623955</marc:subfield><marc:subfield code="z">(OCoLC)1050777374</marc:subfield><marc:subfield code="z">(OCoLC)1059438429</marc:subfield><marc:subfield code="z">(OCoLC)1060735614</marc:subfield><marc:subfield code="z">(OCoLC)1076426262</marc:subfield><marc:subfield code="z">(OCoLC)1085909557</marc:subfield><marc:subfield code="z">(OCoLC)1089406114</marc:subfield><marc:subfield code="z">(OCoLC)1091249505</marc:subfield><marc:subfield code="z">(OCoLC)1091683493</marc:subfield><marc:subfield code="z">(OCoLC)1099113597</marc:subfield><marc:subfield code="z">(OCoLC)1126285358</marc:subfield></marc:datafield><marc:datafield tag="037" ind1=" " ind2=" "><marc:subfield code="a">99-448</marc:subfield><marc:subfield code="b">LLMC</marc:subfield></marc:datafield><marc:datafield tag="042" ind1=" " ind2=" "><marc:subfield code="a">pcc</marc:subfield><marc:subfield code="a">dlr</marc:subfield></marc:datafield><marc:datafield tag="043" ind1=" " ind2=" "><marc:subfield code="a">n-us---</marc:subfield></marc:datafield><marc:datafield tag="050" ind1=" " ind2="4"><marc:subfield code="a">KF8700.A16</marc:subfield><marc:subfield code="b">T45</marc:subfield></marc:datafield><marc:datafield tag="074" ind1=" " ind2=" "><marc:subfield code="a">0728-B (online)</marc:subfield></marc:datafield><marc:datafield tag="086" ind1="0" ind2=" "><marc:subfield code="a">JU 10.3/2:</marc:subfield></marc:datafield><marc:datafield tag="049" ind1=" " ind2=" "><marc:subfield code="a">GPOO</marc:subfield></marc:datafield><marc:datafield tag="245" ind1="0" ind2="4"><marc:subfield code="a">The third branch.</marc:subfield></marc:datafield><marc:datafield tag="246" ind1="1" ind2=" "><marc:subfield code="a">Bulletin of the Federal courts</marc:subfield></marc:datafield><marc:datafield tag="246" ind1="1" ind2=" "><marc:subfield code="i">Vols. for &lt;Jan. 1999-&gt; have subtitle:</marc:subfield><marc:subfield code="a">Newsletter of the federal courts</marc:subfield></marc:datafield><marc:datafield tag="260" ind1=" " ind2=" "><marc:subfield code="a">Washington, D.C. :</marc:subfield><marc:subfield code="b">Federal Judicial Center</marc:subfield></marc:datafield><marc:datafield tag="260" ind1="3" ind2=" "><marc:subfield code="3">&lt;Jan. 1999-&gt; :</marc:subfield><marc:subfield code="a">Washington, D.C. :</marc:subfield><marc:subfield code="b">Administrative Office of the U.S. Courts, Office of Public Affairs</marc:subfield></marc:datafield><marc:datafield tag="300" ind1=" " ind2=" "><marc:subfield code="a">1 online resource</marc:subfield></marc:datafield><marc:datafield tag="310" ind1=" " ind2=" "><marc:subfield code="a">Monthly</marc:subfield></marc:datafield><marc:datafield tag="336" ind1=" " ind2=" "><marc:subfield code="a">text</marc:subfield><marc:subfield code="b">txt</marc:subfield><marc:subfield code="2">rdacontent</marc:subfield></marc:datafield><marc:datafield tag="337" ind1=" " ind2=" "><marc:subfield code="a">computer</marc:subfield><marc:subfield code="b">c</marc:subfield><marc:subfield code="2">rdamedia</marc:subfield></marc:datafield><marc:datafield tag="338" ind1=" " ind2=" "><marc:subfield code="a">online resource</marc:subfield><marc:subfield code="b">cr</marc:subfield><marc:subfield code="2">rdacarrier</marc:subfield></marc:datafield><marc:datafield tag="362" ind1="1" ind2=" "><marc:subfield code="a">Print began with vol. 1, no. 1 (Dec. 1968); ceased with: Vol. 44, no. 5 (May 2012).</marc:subfield></marc:datafield><marc:datafield tag="506" ind1=" " ind2=" "><marc:subfield code="3">Use copy</marc:subfield><marc:subfield code="f">Restrictions unspecified</marc:subfield><marc:subfield code="2">star</marc:subfield><marc:subfield code="5">MiAaHDL</marc:subfield></marc:datafield><marc:datafield tag="533" ind1=" " ind2=" "><marc:subfield code="a">Electronic reproduction.</marc:subfield><marc:subfield code="b">[S.l.] :</marc:subfield><marc:subfield code="c">HathiTrust Digital Library,</marc:subfield><marc:subfield code="d">2011.</marc:subfield><marc:subfield code="5">MiAaHDL</marc:subfield></marc:datafield><marc:datafield tag="538" ind1=" " ind2=" "><marc:subfield code="a">Master and use copy. Digital master created according to Benchmark for Faithful Digital Reproductions of Monographs and Serials, Version 1. Digital Library Federation, December 2002.</marc:subfield><marc:subfield code="u">http://purl.oclc.org/DLF/benchrepro0212</marc:subfield><marc:subfield code="5">MiAaHDL</marc:subfield></marc:datafield><marc:datafield tag="583" ind1="1" ind2=" "><marc:subfield code="a">digitized</marc:subfield><marc:subfield code="c">2011</marc:subfield><marc:subfield code="h">HathiTrust Digital Library</marc:subfield><marc:subfield code="l">committed to preserve</marc:subfield><marc:subfield code="2">pda</marc:subfield><marc:subfield code="5">MiAaHDL</marc:subfield></marc:datafield><marc:datafield tag="588" ind1=" " ind2=" "><marc:subfield code="a">Description based on: Vol. 31, no. 1 (Jan. 1999); title from title screen (viewed Aug. 8, 2001).</marc:subfield></marc:datafield><marc:datafield tag="588" ind1=" " ind2=" "><marc:subfield code="a">Latest issue consulted: Vol. 42, no. 3 (Mar. 2010) (viewed Nov. 19, 2015).</marc:subfield></marc:datafield><marc:datafield tag="650" ind1=" " ind2="0"><marc:subfield code="a">Courts</marc:subfield><marc:subfield code="z">United States</marc:subfield><marc:subfield code="v">Periodicals.</marc:subfield></marc:datafield><marc:datafield tag="650" ind1=" " ind2="7"><marc:subfield code="a">Courts.</marc:subfield><marc:subfield code="2">fast</marc:subfield><marc:subfield code="0">(OCoLC)fst00881747</marc:subfield></marc:datafield><marc:datafield tag="651" ind1=" " ind2="7"><marc:subfield code="a">United States.</marc:subfield><marc:subfield code="2">fast</marc:subfield><marc:subfield code="0">(OCoLC)fst01204155</marc:subfield><marc:subfield code="1">https://id.oclc.org/worldcat/entity/E39PBJtxgQXMWqmjMjjwXRHgrq</marc:subfield></marc:datafield><marc:datafield tag="653" ind1=" " ind2=" "><marc:subfield code="a">Law</marc:subfield></marc:datafield><marc:datafield tag="655" ind1=" " ind2="0"><marc:subfield code="a">Electronic journals.</marc:subfield></marc:datafield><marc:datafield tag="655" ind1=" " ind2="7"><marc:subfield code="a">Periodicals.</marc:subfield><marc:subfield code="2">fast</marc:subfield><marc:subfield code="0">(OCoLC)fst01411641</marc:subfield></marc:datafield><marc:datafield tag="710" ind1="2" ind2=" "><marc:subfield code="a">Federal Judicial Center.</marc:subfield></marc:datafield><marc:datafield tag="710" ind1="1" ind2=" "><marc:subfield code="a">United States.</marc:subfield><marc:subfield code="b">Administrative Office of the United States Courts.</marc:subfield><marc:subfield code="b">Office of Public Affairs.</marc:subfield></marc:datafield><marc:datafield tag="776" ind1="0" ind2="8"><marc:subfield code="i">Print version:</marc:subfield><marc:subfield code="t">Third branch</marc:subfield><marc:subfield code="x">0040-6120</marc:subfield><marc:subfield code="w">(DLC)   75005475</marc:subfield><marc:subfield code="w">(OCoLC)1767445</marc:subfield></marc:datafield><marc:datafield tag="776" ind1="0" ind2="8"><marc:subfield code="i">Microfiche version:</marc:subfield><marc:subfield code="t">Third branch</marc:subfield><marc:subfield code="w">(OCoLC)10576376</marc:subfield></marc:datafield><marc:datafield tag="785" ind1="0" ind2="0"><marc:subfield code="t">Third branch news</marc:subfield><marc:subfield code="w">(DLC)  2012230818</marc:subfield><marc:subfield code="w">(OCoLC)794243914</marc:subfield></marc:datafield><marc:datafield tag="856" ind1="4" ind2="0"><marc:subfield code="u">https://advance.lexis.com/api/search?q=publication(Third+branch)&amp;source=MTA1MzA3NA&amp;context=1516831</marc:subfield></marc:datafield><marc:datafield tag="856" ind1="4" ind2="0"><marc:subfield code="3">HathiTrust Digital Library, Full view</marc:subfield><marc:subfield code="u">http://catalog.hathitrust.org/api/volumes/oclc/1767445.html</marc:subfield></marc:datafield><marc:datafield tag="856" ind1="4" ind2="0"><marc:subfield code="u">http://www.heinonline.org/HOL/Index?index=journals/thirdbran&amp;collection=journals</marc:subfield></marc:datafield><marc:datafield tag="856" ind1="4" ind2="0"><marc:subfield code="u">http://www.llmcdigital.org/default.aspx?redir=99448</marc:subfield></marc:datafield><marc:datafield tag="856" ind1="4" ind2="0"><marc:subfield code="u">https://purl.fdlp.gov/GPO/LPS1535</marc:subfield><marc:subfield code="7">0</marc:subfield></marc:datafield><marc:datafield tag="856" ind1="4" ind2="0"><marc:subfield code="3">Google</marc:subfield><marc:subfield code="u">http://books.google.com/books?id=aOqoHw_Q8JgC</marc:subfield></marc:datafield><marc:datafield tag="856" ind1="4" ind2="0"><marc:subfield code="3">Google</marc:subfield><marc:subfield code="u">http://books.google.com/books?id=yjWYjKy_MZgC</marc:subfield></marc:datafield><marc:datafield tag="856" ind1="4" ind2="0"><marc:subfield code="3">Google</marc:subfield><marc:subfield code="u">http://books.google.com/books?id=HYLWgCYLFagC</marc:subfield></marc:datafield><marc:datafield tag="856" ind1="4" ind2="0"><marc:subfield code="3">Google</marc:subfield><marc:subfield code="u">http://books.google.com/books?id=ZPc6bhrz2p0C</marc:subfield></marc:datafield><marc:datafield tag="856" ind1="4" ind2="0"><marc:subfield code="3">Google</marc:subfield><marc:subfield code="u">http://books.google.com/books?id=2kh0UQp6ATUC</marc:subfield></marc:datafield><marc:datafield tag="856" ind1="4" ind2="0"><marc:subfield code="3">Google</marc:subfield><marc:subfield code="u">http://books.google.com/books?id=YkuaWMgLaKAC</marc:subfield></marc:datafield><marc:datafield tag="856" ind1="4" ind2="0"><marc:subfield code="3">Google</marc:subfield><marc:subfield code="u">http://books.google.com/books?id=zCBUYi5JElAC</marc:subfield></marc:datafield><marc:datafield tag="856" ind1="4" ind2="0"><marc:subfield code="3">Google</marc:subfield><marc:subfield code="u">http://books.google.com/books?id=eEHr9vAWlAYC</marc:subfield></marc:datafield><marc:datafield tag="856" ind1="4" ind2="0"><marc:subfield code="3">Google</marc:subfield><marc:subfield code="u">http://books.google.com/books?id=rD4ODVpfPckC</marc:subfield></marc:datafield><marc:datafield tag="856" ind1="4" ind2="0"><marc:subfield code="3">Google</marc:subfield><marc:subfield code="u">http://books.google.com/books?id=i5xJ2_lGXDcC</marc:subfield></marc:datafield><marc:datafield tag="856" ind1="4" ind2="0"><marc:subfield code="3">Google</marc:subfield><marc:subfield code="u">http://books.google.com/books?id=eof0FE6fi-kC</marc:subfield></marc:datafield><marc:datafield tag="856" ind1="4" ind2="0"><marc:subfield code="3">Google</marc:subfield><marc:subfield code="u">http://books.google.com/books?id=ApChK6XFjukC</marc:subfield></marc:datafield><marc:datafield tag="856" ind1="4" ind2="0"><marc:subfield code="3">Google</marc:subfield><marc:subfield code="u">http://books.google.com/books?id=jjtq4FMm6vsC</marc:subfield></marc:datafield><marc:datafield tag="856" ind1="4" ind2="0"><marc:subfield code="3">Google</marc:subfield><marc:subfield code="u">http://books.google.com/books?id=AV3x2iVXim4C</marc:subfield></marc:datafield><marc:datafield tag="938" ind1=" " ind2=" "><marc:subfield code="a">Internet Archive</marc:subfield><marc:subfield code="b">INAR</marc:subfield><marc:subfield code="n">thirdbranch71119751979fede</marc:subfield></marc:datafield><marc:datafield tag="994" ind1=" " ind2=" "><marc:subfield code="a">C0</marc:subfield><marc:subfield code="b">GPO</marc:subfield></marc:datafield></marc:record>