
<marc:record><marc:leader>03087cai a2200637 i 4500</marc:leader>
<marc:controlfield tag="001">ocn290976332</marc:controlfield>
<marc:controlfield tag="003">OCoLC</marc:controlfield><marc:controlfield tag="005">20231226083644.0</marc:controlfield><marc:controlfield tag="006">m     o  d f      </marc:controlfield><marc:controlfield tag="007">cr an|||||||||</marc:controlfield><marc:controlfield tag="008">850830c19uu9999dcu x d o    f0    2eng c</marc:controlfield><marc:datafield tag="010" ind1=" " ind2=" "><marc:subfield code="a">  2014230786</marc:subfield></marc:datafield><marc:datafield tag="040" ind1=" " ind2=" "><marc:subfield code="a">CEF</marc:subfield><marc:subfield code="b">eng</marc:subfield><marc:subfield code="e">rda</marc:subfield><marc:subfield code="e">pn</marc:subfield><marc:subfield code="c">CEF</marc:subfield><marc:subfield code="d">OCLCQ</marc:subfield><marc:subfield code="d">HEBIS</marc:subfield><marc:subfield code="d">OCLCF</marc:subfield><marc:subfield code="d">GPO</marc:subfield><marc:subfield code="d">GILDS</marc:subfield><marc:subfield code="d">UCO</marc:subfield><marc:subfield code="d">OCLCQ</marc:subfield><marc:subfield code="d">OCL</marc:subfield><marc:subfield code="d">RIU</marc:subfield><marc:subfield code="d">OCLCQ</marc:subfield><marc:subfield code="d">GPO</marc:subfield></marc:datafield><marc:datafield tag="016" ind1="7" ind2=" "><marc:subfield code="a">2578226-5</marc:subfield><marc:subfield code="2">DE-600</marc:subfield></marc:datafield><marc:datafield tag="019" ind1=" " ind2=" "><marc:subfield code="a">1056462921</marc:subfield><marc:subfield code="a">1246020086</marc:subfield><marc:subfield code="a">1246034575</marc:subfield><marc:subfield code="a">1246036381</marc:subfield><marc:subfield code="a">1246046225</marc:subfield><marc:subfield code="a">1246084717</marc:subfield><marc:subfield code="a">1246094520</marc:subfield><marc:subfield code="a">1246108637</marc:subfield><marc:subfield code="a">1246110081</marc:subfield><marc:subfield code="a">1246124962</marc:subfield><marc:subfield code="a">1246128026</marc:subfield><marc:subfield code="a">1395959298</marc:subfield></marc:datafield><marc:datafield tag="029" ind1="1" ind2=" "><marc:subfield code="a">HEBIS</marc:subfield><marc:subfield code="b">228080207</marc:subfield></marc:datafield><marc:datafield tag="035" ind1=" " ind2=" "><marc:subfield code="a">(OCoLC)290976332</marc:subfield><marc:subfield code="z">(OCoLC)1056462921</marc:subfield><marc:subfield code="z">(OCoLC)1246020086</marc:subfield><marc:subfield code="z">(OCoLC)1246034575</marc:subfield><marc:subfield code="z">(OCoLC)1246036381</marc:subfield><marc:subfield code="z">(OCoLC)1246046225</marc:subfield><marc:subfield code="z">(OCoLC)1246084717</marc:subfield><marc:subfield code="z">(OCoLC)1246094520</marc:subfield><marc:subfield code="z">(OCoLC)1246108637</marc:subfield><marc:subfield code="z">(OCoLC)1246110081</marc:subfield><marc:subfield code="z">(OCoLC)1246124962</marc:subfield><marc:subfield code="z">(OCoLC)1246128026</marc:subfield><marc:subfield code="z">(OCoLC)1395959298</marc:subfield></marc:datafield><marc:datafield tag="042" ind1=" " ind2=" "><marc:subfield code="a">pcc</marc:subfield></marc:datafield><marc:datafield tag="043" ind1=" " ind2=" "><marc:subfield code="a">n-us---</marc:subfield></marc:datafield><marc:datafield tag="055" ind1=" " ind2="5"><marc:subfield code="a">KF*</marc:subfield></marc:datafield><marc:datafield tag="074" ind1=" " ind2=" "><marc:subfield code="a">0742-A-03 (online)</marc:subfield></marc:datafield><marc:datafield tag="086" ind1="0" ind2=" "><marc:subfield code="a">JU 11.7/3:</marc:subfield></marc:datafield><marc:datafield tag="049" ind1=" " ind2=" "><marc:subfield code="a">GPOO</marc:subfield></marc:datafield><marc:datafield tag="110" ind1="1" ind2=" "><marc:subfield code="a">United States.</marc:subfield><marc:subfield code="b">Tax Court,</marc:subfield><marc:subfield code="e">author.</marc:subfield></marc:datafield><marc:datafield tag="245" ind1="1" ind2="0"><marc:subfield code="a">DAWSON.</marc:subfield></marc:datafield><marc:datafield tag="246" ind1="1" ind2=" "><marc:subfield code="i">Title appears on home page as:</marc:subfield><marc:subfield code="a">Welcome to DAWSON</marc:subfield></marc:datafield><marc:datafield tag="246" ind1="1" ind2=" "><marc:subfield code="a">Docket access within a secure online network</marc:subfield></marc:datafield><marc:datafield tag="246" ind1="1" ind2=" "><marc:subfield code="a">DAWSON electronic filing and case management system</marc:subfield></marc:datafield><marc:datafield tag="247" ind1="1" ind2="0"><marc:subfield code="a">Opinions search.</marc:subfield><marc:subfield code="f">&lt;July 26, 2006&gt;</marc:subfield></marc:datafield><marc:datafield tag="264" ind1=" " ind2="1"><marc:subfield code="a">[Washington, D.C.] :</marc:subfield><marc:subfield code="b">United States Tax Court</marc:subfield></marc:datafield><marc:datafield tag="300" ind1=" " ind2=" "><marc:subfield code="a">1 online resource</marc:subfield></marc:datafield><marc:datafield tag="310" ind1=" " ind2=" "><marc:subfield code="a">Updated irregularly</marc:subfield></marc:datafield><marc:datafield tag="336" ind1=" " ind2=" "><marc:subfield code="a">text</marc:subfield><marc:subfield code="b">txt</marc:subfield><marc:subfield code="2">rdacontent</marc:subfield></marc:datafield><marc:datafield tag="337" ind1=" " ind2=" "><marc:subfield code="a">computer</marc:subfield><marc:subfield code="b">c</marc:subfield><marc:subfield code="2">rdamedia</marc:subfield></marc:datafield><marc:datafield tag="338" ind1=" " ind2=" "><marc:subfield code="a">online resource</marc:subfield><marc:subfield code="b">cr</marc:subfield><marc:subfield code="2">rdacarrier</marc:subfield></marc:datafield><marc:datafield tag="500" ind1=" " ind2=" "><marc:subfield code="a">The US Tax Court's electronic filing and case management system includes cases filed on or after May 1, 1986. Anyone can search for cases, orders, or opinions of the court. Includes opinion types: T.C., Memorandum, Summary, and Bench Opinions (Order of Service of Transcript).</marc:subfield></marc:datafield><marc:datafield tag="580" ind1=" " ind2=" "><marc:subfield code="a">Includes content that is part of: United States. Tax Court Reports, and the annual cumulation: Reports of the United States Tax Court.</marc:subfield></marc:datafield><marc:datafield tag="588" ind1="0" ind2=" "><marc:subfield code="a">Contents viewed July 27, 2023; title from home page caption.</marc:subfield></marc:datafield><marc:datafield tag="650" ind1=" " ind2="0"><marc:subfield code="a">Income tax</marc:subfield><marc:subfield code="z">United States</marc:subfield><marc:subfield code="v">Cases.</marc:subfield></marc:datafield><marc:datafield tag="650" ind1=" " ind2="0"><marc:subfield code="a">Taxation</marc:subfield><marc:subfield code="z">United States</marc:subfield><marc:subfield code="v">Cases.</marc:subfield></marc:datafield><marc:datafield tag="650" ind1=" " ind2="7"><marc:subfield code="a">Income tax.</marc:subfield><marc:subfield code="2">fast</marc:subfield><marc:subfield code="0">(OCoLC)fst00968719</marc:subfield></marc:datafield><marc:datafield tag="650" ind1=" " ind2="7"><marc:subfield code="a">Taxation.</marc:subfield><marc:subfield code="2">fast</marc:subfield><marc:subfield code="0">(OCoLC)fst01143876</marc:subfield></marc:datafield><marc:datafield tag="651" ind1=" " ind2="7"><marc:subfield code="a">United States.</marc:subfield><marc:subfield code="2">fast</marc:subfield><marc:subfield code="0">(OCoLC)fst01204155</marc:subfield></marc:datafield><marc:datafield tag="653" ind1=" " ind2=" "><marc:subfield code="a">Taxation --</marc:subfield><marc:subfield code="a">United States --</marc:subfield><marc:subfield code="a">Cases</marc:subfield></marc:datafield><marc:datafield tag="655" ind1=" " ind2="7"><marc:subfield code="a">Court decisions and opinions.</marc:subfield><marc:subfield code="2">fast</marc:subfield><marc:subfield code="0">(OCoLC)fst01774257</marc:subfield></marc:datafield><marc:datafield tag="655" ind1=" " ind2="4"><marc:subfield code="a">Cases.</marc:subfield></marc:datafield><marc:datafield tag="655" ind1=" " ind2="7"><marc:subfield code="a">Trials, litigation, etc.</marc:subfield><marc:subfield code="2">fast</marc:subfield><marc:subfield code="0">(OCoLC)fst01423712</marc:subfield></marc:datafield><marc:datafield tag="655" ind1=" " ind2="7"><marc:subfield code="a">Court decisions and opinions.</marc:subfield><marc:subfield code="2">lcgft</marc:subfield></marc:datafield><marc:datafield tag="740" ind1="0" ind2=" "><marc:subfield code="a">TC and memorandum opinions.</marc:subfield></marc:datafield><marc:datafield tag="740" ind1="0" ind2=" "><marc:subfield code="a">TC opinions.</marc:subfield></marc:datafield><marc:datafield tag="740" ind1="0" ind2=" "><marc:subfield code="a">Summary opinions.</marc:subfield></marc:datafield><marc:datafield tag="787" ind1="0" ind2=" "><marc:subfield code="a">United States. Tax Court.</marc:subfield><marc:subfield code="t">Reports</marc:subfield><marc:subfield code="x">0040-0017</marc:subfield><marc:subfield code="w">(DLC)sn 84002414</marc:subfield><marc:subfield code="w">(OCoLC)7329854</marc:subfield></marc:datafield><marc:datafield tag="787" ind1="0" ind2=" "><marc:subfield code="a">United States. Tax Court.</marc:subfield><marc:subfield code="t">Reports of the United States Tax Court</marc:subfield><marc:subfield code="x">8755-6294</marc:subfield><marc:subfield code="w">(DLC)   84647653</marc:subfield><marc:subfield code="w">(OCoLC)7910015</marc:subfield></marc:datafield><marc:datafield tag="856" ind1="4" ind2="0"><marc:subfield code="u">http://purl.fdlp.gov/GPO/gpo52682</marc:subfield><marc:subfield code="7">0</marc:subfield></marc:datafield><marc:datafield tag="856" ind1="4" ind2=" "><marc:subfield code="u">http://www.ustaxcourt.gov/UstcInOp/asp/HistoricOptions.asp</marc:subfield></marc:datafield><marc:datafield tag="994" ind1=" " ind2=" "><marc:subfield code="a">C0</marc:subfield><marc:subfield code="b">GPO</marc:subfield></marc:datafield></marc:record>