
<marc:record><marc:leader>02316cai a2200445 i 4500</marc:leader>
<marc:controlfield tag="001">on1197408005</marc:controlfield>
<marc:controlfield tag="003">OCoLC</marc:controlfield><marc:controlfield tag="005">20231226083644.0</marc:controlfield><marc:controlfield tag="006">m     o  d f      </marc:controlfield><marc:controlfield tag="007">cr cn|||||||||</marc:controlfield><marc:controlfield tag="008">200923c20uu9999dcu x w o    f0    2eng c</marc:controlfield><marc:datafield tag="010" ind1=" " ind2=" "><marc:subfield code="a">  2020252016</marc:subfield></marc:datafield><marc:datafield tag="040" ind1=" " ind2=" "><marc:subfield code="a">RCJ</marc:subfield><marc:subfield code="b">eng</marc:subfield><marc:subfield code="e">rda</marc:subfield><marc:subfield code="e">pn</marc:subfield><marc:subfield code="c">RCJ</marc:subfield><marc:subfield code="d">OCLCO</marc:subfield><marc:subfield code="d">GPO</marc:subfield><marc:subfield code="d">OCLCO</marc:subfield><marc:subfield code="d">OCL</marc:subfield><marc:subfield code="d">GPO</marc:subfield><marc:subfield code="d">OCLCQ</marc:subfield></marc:datafield><marc:datafield tag="019" ind1=" " ind2=" "><marc:subfield code="a">1231231886</marc:subfield><marc:subfield code="a">1231271739</marc:subfield><marc:subfield code="a">1231275432</marc:subfield><marc:subfield code="a">1231276623</marc:subfield><marc:subfield code="a">1231279509</marc:subfield><marc:subfield code="a">1231294038</marc:subfield><marc:subfield code="a">1231299765</marc:subfield><marc:subfield code="a">1231307223</marc:subfield><marc:subfield code="a">1231348473</marc:subfield><marc:subfield code="a">1231359609</marc:subfield><marc:subfield code="a">1231364290</marc:subfield><marc:subfield code="a">1231369437</marc:subfield><marc:subfield code="a">1231398919</marc:subfield><marc:subfield code="a">1231402697</marc:subfield><marc:subfield code="a">1231409866</marc:subfield><marc:subfield code="a">1231437599</marc:subfield></marc:datafield><marc:datafield tag="035" ind1=" " ind2=" "><marc:subfield code="a">(OCoLC)1197408005</marc:subfield><marc:subfield code="z">(OCoLC)1231231886</marc:subfield><marc:subfield code="z">(OCoLC)1231271739</marc:subfield><marc:subfield code="z">(OCoLC)1231275432</marc:subfield><marc:subfield code="z">(OCoLC)1231276623</marc:subfield><marc:subfield code="z">(OCoLC)1231279509</marc:subfield><marc:subfield code="z">(OCoLC)1231294038</marc:subfield><marc:subfield code="z">(OCoLC)1231299765</marc:subfield><marc:subfield code="z">(OCoLC)1231307223</marc:subfield><marc:subfield code="z">(OCoLC)1231348473</marc:subfield><marc:subfield code="z">(OCoLC)1231359609</marc:subfield><marc:subfield code="z">(OCoLC)1231364290</marc:subfield><marc:subfield code="z">(OCoLC)1231369437</marc:subfield><marc:subfield code="z">(OCoLC)1231398919</marc:subfield><marc:subfield code="z">(OCoLC)1231402697</marc:subfield><marc:subfield code="z">(OCoLC)1231409866</marc:subfield><marc:subfield code="z">(OCoLC)1231437599</marc:subfield></marc:datafield><marc:datafield tag="042" ind1=" " ind2=" "><marc:subfield code="a">pcc</marc:subfield></marc:datafield><marc:datafield tag="043" ind1=" " ind2=" "><marc:subfield code="a">n-us---</marc:subfield></marc:datafield><marc:datafield tag="050" ind1=" " ind2="4"><marc:subfield code="a">KF8896.A53</marc:subfield><marc:subfield code="b">U555</marc:subfield></marc:datafield><marc:datafield tag="074" ind1=" " ind2=" "><marc:subfield code="a">0743-G-01 (online)</marc:subfield></marc:datafield><marc:datafield tag="086" ind1="0" ind2=" "><marc:subfield code="a">JU 17.15:</marc:subfield></marc:datafield><marc:datafield tag="049" ind1=" " ind2=" "><marc:subfield code="a">GPOO</marc:subfield></marc:datafield><marc:datafield tag="110" ind1="1" ind2=" "><marc:subfield code="a">United States.</marc:subfield><marc:subfield code="b">Judicial Panel on Multidistrict Litigation,</marc:subfield><marc:subfield code="e">author.</marc:subfield></marc:datafield><marc:datafield tag="245" ind1="1" ind2="0"><marc:subfield code="a">Pending MDLs.</marc:subfield></marc:datafield><marc:datafield tag="246" ind1="1" ind2=" "><marc:subfield code="a">Pending multidistrict litigations</marc:subfield></marc:datafield><marc:datafield tag="264" ind1=" " ind2="1"><marc:subfield code="a">[Washington, D.C.] :</marc:subfield><marc:subfield code="b">United States Judicial Panel on Multidistrict Litigation</marc:subfield></marc:datafield><marc:datafield tag="300" ind1=" " ind2=" "><marc:subfield code="a">1 online resource</marc:subfield></marc:datafield><marc:datafield tag="310" ind1=" " ind2=" "><marc:subfield code="a">Updated irregularly</marc:subfield></marc:datafield><marc:datafield tag="336" ind1=" " ind2=" "><marc:subfield code="a">text</marc:subfield><marc:subfield code="b">txt</marc:subfield><marc:subfield code="2">rdacontent</marc:subfield></marc:datafield><marc:datafield tag="337" ind1=" " ind2=" "><marc:subfield code="a">computer</marc:subfield><marc:subfield code="b">c</marc:subfield><marc:subfield code="2">rdamedia</marc:subfield></marc:datafield><marc:datafield tag="338" ind1=" " ind2=" "><marc:subfield code="a">online resource</marc:subfield><marc:subfield code="b">cr</marc:subfield><marc:subfield code="2">rdacarrier</marc:subfield></marc:datafield><marc:datafield tag="520" ind1="2" ind2=" "><marc:subfield code="a">Pending MDLs are only one facet of the Judicial Panel on Multidistrict Litigation site. Under the Pending MDLs page, pending MDLs by district, MDL number, docket type, and actions pending are available, as well as MDLs terminated; all posted pending MDLs are for the current year.</marc:subfield></marc:datafield><marc:datafield tag="588" ind1="0" ind2=" "><marc:subfield code="a">Contents viewed on September 22, 2020; title from website caption.</marc:subfield></marc:datafield><marc:datafield tag="650" ind1=" " ind2="0"><marc:subfield code="a">Court calendars</marc:subfield><marc:subfield code="z">United States.</marc:subfield></marc:datafield><marc:datafield tag="650" ind1=" " ind2="7"><marc:subfield code="a">Court calendars.</marc:subfield><marc:subfield code="2">fast</marc:subfield><marc:subfield code="0">(OCoLC)fst00881658</marc:subfield></marc:datafield><marc:datafield tag="651" ind1=" " ind2="7"><marc:subfield code="a">United States.</marc:subfield><marc:subfield code="2">fast</marc:subfield><marc:subfield code="0">(OCoLC)fst01204155</marc:subfield></marc:datafield><marc:datafield tag="655" ind1=" " ind2="7"><marc:subfield code="a">Dockets.</marc:subfield><marc:subfield code="2">fast</marc:subfield><marc:subfield code="0">(OCoLC)fst01774265</marc:subfield></marc:datafield><marc:datafield tag="655" ind1=" " ind2="7"><marc:subfield code="a">Dockets.</marc:subfield><marc:subfield code="2">lcgft</marc:subfield></marc:datafield><marc:datafield tag="856" ind1="4" ind2="0"><marc:subfield code="u">https://purl.fdlp.gov/GPO/gpo148583</marc:subfield><marc:subfield code="7">0</marc:subfield></marc:datafield><marc:datafield tag="856" ind1="4" ind2="0"><marc:subfield code="z">Address at tiem of PURL creation</marc:subfield><marc:subfield code="u">https://www.jpml.uscourts.gov/pending-mdls-0</marc:subfield><marc:subfield code="y">Judicial Panel on Multidistrict Litigation</marc:subfield></marc:datafield><marc:datafield tag="994" ind1=" " ind2=" "><marc:subfield code="a">C0</marc:subfield><marc:subfield code="b">GPO</marc:subfield></marc:datafield></marc:record>