
<marc:record><marc:leader>03220cas a2200601 a 4500</marc:leader>
<marc:controlfield tag="001">ocm16702590 </marc:controlfield>
<marc:controlfield tag="003">OCoLC</marc:controlfield><marc:controlfield tag="005">20231226083644.0</marc:controlfield><marc:controlfield tag="008">870917c19859999dcuar    w   f0    0eng c</marc:controlfield><marc:datafield tag="010" ind1=" " ind2=" "><marc:subfield code="a">   88640810 </marc:subfield></marc:datafield><marc:datafield tag="040" ind1=" " ind2=" "><marc:subfield code="a">OKL</marc:subfield><marc:subfield code="b">eng</marc:subfield><marc:subfield code="c">OKL</marc:subfield><marc:subfield code="d">DLC</marc:subfield><marc:subfield code="d">GPO</marc:subfield><marc:subfield code="d">DLC</marc:subfield><marc:subfield code="d">HUL</marc:subfield><marc:subfield code="d">DLC</marc:subfield><marc:subfield code="d">WAU</marc:subfield><marc:subfield code="d">NST</marc:subfield><marc:subfield code="d">GPO</marc:subfield><marc:subfield code="d">NST</marc:subfield><marc:subfield code="d">GPO</marc:subfield><marc:subfield code="d">EYM</marc:subfield><marc:subfield code="d">GPO</marc:subfield><marc:subfield code="d">IUL</marc:subfield><marc:subfield code="d">GPO</marc:subfield><marc:subfield code="d">DLC</marc:subfield><marc:subfield code="d">GPO</marc:subfield><marc:subfield code="d">SYS</marc:subfield><marc:subfield code="d">GPO</marc:subfield><marc:subfield code="d">OCLCQ</marc:subfield><marc:subfield code="d">OCLCF</marc:subfield><marc:subfield code="d">OCLCO</marc:subfield><marc:subfield code="d">OCL</marc:subfield><marc:subfield code="d">GILDS</marc:subfield><marc:subfield code="d">OCLCO</marc:subfield><marc:subfield code="d">OCLCQ</marc:subfield><marc:subfield code="d">OCLCL</marc:subfield></marc:datafield><marc:datafield tag="012" ind1=" " ind2=" "><marc:subfield code="a">3</marc:subfield><marc:subfield code="i">8803</marc:subfield></marc:datafield><marc:datafield tag="019" ind1=" " ind2=" "><marc:subfield code="a">182913643</marc:subfield><marc:subfield code="a">1061153704</marc:subfield><marc:subfield code="a">1225762839</marc:subfield></marc:datafield><marc:datafield tag="029" ind1="1" ind2=" "><marc:subfield code="a">AU@</marc:subfield><marc:subfield code="b">000020493209</marc:subfield></marc:datafield><marc:datafield tag="035" ind1=" " ind2=" "><marc:subfield code="a">(OCoLC)16702590</marc:subfield><marc:subfield code="z">(OCoLC)182913643</marc:subfield><marc:subfield code="z">(OCoLC)1061153704</marc:subfield><marc:subfield code="z">(OCoLC)1225762839</marc:subfield></marc:datafield><marc:datafield tag="037" ind1=" " ind2=" "><marc:subfield code="b">Supt. of Docs., U.S. Govt. Print. Off., Washington, D.C. 20402</marc:subfield></marc:datafield><marc:datafield tag="042" ind1=" " ind2=" "><marc:subfield code="a">pcc</marc:subfield></marc:datafield><marc:datafield tag="043" ind1=" " ind2=" "><marc:subfield code="a">n-us---</marc:subfield></marc:datafield><marc:datafield tag="050" ind1="0" ind2="0"><marc:subfield code="a">KF3626</marc:subfield><marc:subfield code="b">.A553</marc:subfield></marc:datafield><marc:datafield tag="074" ind1=" " ind2=" "><marc:subfield code="a">0749-B</marc:subfield></marc:datafield><marc:datafield tag="074" ind1=" " ind2=" "><marc:subfield code="a">0749-B (online)</marc:subfield></marc:datafield><marc:datafield tag="082" ind1="0" ind2="0"><marc:subfield code="a">344.73/021</marc:subfield><marc:subfield code="a">347.30421</marc:subfield><marc:subfield code="2">19</marc:subfield></marc:datafield><marc:datafield tag="086" ind1="0" ind2=" "><marc:subfield code="a">L 28.9:</marc:subfield></marc:datafield><marc:datafield tag="049" ind1=" " ind2=" "><marc:subfield code="a">GPOO</marc:subfield></marc:datafield><marc:datafield tag="110" ind1="1" ind2=" "><marc:subfield code="a">United States.</marc:subfield><marc:subfield code="b">Employees' Compensation Appeals Board.</marc:subfield></marc:datafield><marc:datafield tag="245" ind1="1" ind2="0"><marc:subfield code="a">Digest and decisions of the Employees' Compensation Appeals Board.</marc:subfield></marc:datafield><marc:datafield tag="246" ind1="1" ind2="5"><marc:subfield code="a">Digest of decisions of the Employees' Compensation Appeals Board</marc:subfield></marc:datafield><marc:datafield tag="246" ind1="1" ind2="5"><marc:subfield code="a">Decisions of the Employees' Compensation Appeals Board</marc:subfield></marc:datafield><marc:datafield tag="260" ind1=" " ind2=" "><marc:subfield code="a">Washington, D.C. :</marc:subfield><marc:subfield code="b">Employees' Compensation Appeals Board :</marc:subfield><marc:subfield code="b">For sale by the Supt. of Docs., U.S. G.P.O.,</marc:subfield><marc:subfield code="c">1987-</marc:subfield></marc:datafield><marc:datafield tag="300" ind1=" " ind2=" "><marc:subfield code="a">v. ;</marc:subfield><marc:subfield code="c">24 cm.</marc:subfield></marc:datafield><marc:datafield tag="310" ind1=" " ind2=" "><marc:subfield code="a">Annual</marc:subfield></marc:datafield><marc:datafield tag="362" ind1="0" ind2=" "><marc:subfield code="a">Vol. 36 and Index digest suppl. 12 (Oct. 1, 1984-Sept. 30, 1985)-</marc:subfield></marc:datafield><marc:datafield tag="515" ind1=" " ind2=" "><marc:subfield code="a">Some v. issued in two pts. called books 1 and 2; book 1 contains Index digest supplement.</marc:subfield></marc:datafield><marc:datafield tag="530" ind1=" " ind2=" "><marc:subfield code="a">Some v. also available via the Internet at the Employees' Compensation Appeals Board web site with title: ECAB headnotes &amp; decisions. Address as of 1/30/07: http://www.dol.gov/ecab/decisions.htm; current access is available via PURL.</marc:subfield></marc:datafield><marc:datafield tag="588" ind1=" " ind2=" "><marc:subfield code="a">Latest issue consulted: Vol. 48 and Index digest supplement 24 (Oct. 1, 1996-Sept. 30, 1997).</marc:subfield></marc:datafield><marc:datafield tag="650" ind1=" " ind2="0"><marc:subfield code="a">Workers' compensation</marc:subfield><marc:subfield code="x">Law and legislation</marc:subfield><marc:subfield code="z">United States</marc:subfield><marc:subfield code="v">Cases.</marc:subfield></marc:datafield><marc:datafield tag="651" ind1=" " ind2="0"><marc:subfield code="a">United States</marc:subfield><marc:subfield code="x">Officials and employees</marc:subfield><marc:subfield code="x">Salaries, etc.</marc:subfield><marc:subfield code="v">Periodicals.</marc:subfield></marc:datafield><marc:datafield tag="650" ind1=" " ind2="7"><marc:subfield code="a">Employees</marc:subfield><marc:subfield code="x">Salaries, etc.</marc:subfield><marc:subfield code="2">fast</marc:subfield><marc:subfield code="0">(OCoLC)fst00909209</marc:subfield></marc:datafield><marc:datafield tag="650" ind1=" " ind2="7"><marc:subfield code="a">Workers' compensation</marc:subfield><marc:subfield code="x">Law and legislation.</marc:subfield><marc:subfield code="2">fast</marc:subfield><marc:subfield code="0">(OCoLC)fst01180367</marc:subfield></marc:datafield><marc:datafield tag="651" ind1=" " ind2="7"><marc:subfield code="a">United States.</marc:subfield><marc:subfield code="2">fast</marc:subfield><marc:subfield code="0">(OCoLC)fst01204155</marc:subfield><marc:subfield code="1">https://id.oclc.org/worldcat/entity/E39PBJtxgQXMWqmjMjjwXRHgrq</marc:subfield></marc:datafield><marc:datafield tag="655" ind1=" " ind2="7"><marc:subfield code="a">Periodicals</marc:subfield><marc:subfield code="2">fast</marc:subfield><marc:subfield code="0">(OCoLC)fst01411641</marc:subfield></marc:datafield><marc:datafield tag="655" ind1=" " ind2="7"><marc:subfield code="a">Trials, litigation, etc.</marc:subfield><marc:subfield code="2">fast</marc:subfield><marc:subfield code="0">(OCoLC)fst01423712</marc:subfield></marc:datafield><marc:datafield tag="655" ind1=" " ind2="4"><marc:subfield code="a">Cases.</marc:subfield></marc:datafield><marc:datafield tag="655" ind1=" " ind2="7"><marc:subfield code="a">Periodicals.</marc:subfield><marc:subfield code="2">lcgft</marc:subfield></marc:datafield><marc:datafield tag="776" ind1="0" ind2="8"><marc:subfield code="i">Online version:</marc:subfield><marc:subfield code="a">United States. Employees' Compensation Appeals Board.</marc:subfield><marc:subfield code="t">Digest and decisions of the Employees' Compensation Appeals Board</marc:subfield><marc:subfield code="w">(OCoLC)607534831</marc:subfield></marc:datafield><marc:datafield tag="780" ind1="0" ind2="0"><marc:subfield code="a">United States. Employees' Compensation Appeals Board.</marc:subfield><marc:subfield code="t">Decisions of the Employees' Compensation Appeals Board</marc:subfield><marc:subfield code="w">(DLC)l  52000030</marc:subfield><marc:subfield code="w">(OCoLC)1623675</marc:subfield></marc:datafield><marc:datafield tag="850" ind1=" " ind2=" "><marc:subfield code="a">DLC</marc:subfield><marc:subfield code="a">IaU</marc:subfield><marc:subfield code="a">InLP</marc:subfield><marc:subfield code="a">InU</marc:subfield><marc:subfield code="a">MH-L</marc:subfield><marc:subfield code="a">MiU</marc:subfield><marc:subfield code="a">MiU-L</marc:subfield><marc:subfield code="a">OU</marc:subfield><marc:subfield code="a">T</marc:subfield><marc:subfield code="a">RPB</marc:subfield><marc:subfield code="a">WaU</marc:subfield></marc:datafield><marc:datafield tag="856" ind1="4" ind2="1"><marc:subfield code="u">https://purl.fdlp.gov/GPO/LPS78047</marc:subfield><marc:subfield code="7">0</marc:subfield></marc:datafield><marc:datafield tag="891" ind1="1" ind2="0"><marc:subfield code="9">853</marc:subfield><marc:subfield code="8">1</marc:subfield><marc:subfield code="a">v.</marc:subfield><marc:subfield code="i">(year/year)</marc:subfield><marc:subfield code="w">a</marc:subfield><marc:subfield code="x">00</marc:subfield></marc:datafield><marc:datafield tag="891" ind1="4" ind2="0"><marc:subfield code="9">863</marc:subfield><marc:subfield code="8">1</marc:subfield><marc:subfield code="a">&lt;36&gt;-</marc:subfield><marc:subfield code="i">&lt;1984/1985&gt;-</marc:subfield><marc:subfield code="x">provisional</marc:subfield></marc:datafield><marc:datafield tag="891" ind1="3" ind2="3"><marc:subfield code="9">853</marc:subfield><marc:subfield code="8">2</marc:subfield><marc:subfield code="a">v.</marc:subfield><marc:subfield code="b">bk.</marc:subfield><marc:subfield code="g">(*)</marc:subfield><marc:subfield code="i">(year/year)</marc:subfield></marc:datafield><marc:datafield tag="891" ind1="4" ind2="0"><marc:subfield code="9">863</marc:subfield><marc:subfield code="8">2</marc:subfield><marc:subfield code="a">&lt;41&gt;-</marc:subfield><marc:subfield code="g">&lt;Index Digest suppl.17&gt;-</marc:subfield><marc:subfield code="i">&lt;1989/1990&gt;-</marc:subfield><marc:subfield code="x">provisional</marc:subfield></marc:datafield><marc:datafield tag="994" ind1=" " ind2=" "><marc:subfield code="a">C0</marc:subfield><marc:subfield code="b">GPO</marc:subfield></marc:datafield></marc:record>