
<marc:record><marc:leader>08337cas a2201141 a 4500</marc:leader>
<marc:controlfield tag="001">ocm36392262 </marc:controlfield>
<marc:controlfield tag="003">OCoLC</marc:controlfield><marc:controlfield tag="005">20231226083644.0</marc:controlfield><marc:controlfield tag="006">m     o  d f      </marc:controlfield><marc:controlfield tag="007">cr mn|||||||||</marc:controlfield><marc:controlfield tag="008">970214c19369999dcuar   o    f0   a0eng c</marc:controlfield><marc:datafield tag="010" ind1=" " ind2=" "><marc:subfield code="a">sn 97028021 </marc:subfield></marc:datafield><marc:datafield tag="040" ind1=" " ind2=" "><marc:subfield code="a">GPO</marc:subfield><marc:subfield code="b">eng</marc:subfield><marc:subfield code="c">GPO</marc:subfield><marc:subfield code="d">OCL</marc:subfield><marc:subfield code="d">OCLCQ</marc:subfield><marc:subfield code="d">GPO</marc:subfield><marc:subfield code="d">OCLCQ</marc:subfield><marc:subfield code="d">IUL</marc:subfield><marc:subfield code="d">GPO</marc:subfield><marc:subfield code="d">DLC</marc:subfield><marc:subfield code="d">VP@</marc:subfield><marc:subfield code="d">GPO</marc:subfield><marc:subfield code="d">OCLCQ</marc:subfield><marc:subfield code="d">OCLCO</marc:subfield><marc:subfield code="d">GPO</marc:subfield><marc:subfield code="d">OCLCQ</marc:subfield><marc:subfield code="d">OCLCF</marc:subfield><marc:subfield code="d">CGN</marc:subfield><marc:subfield code="d">INR</marc:subfield><marc:subfield code="d">GPO</marc:subfield><marc:subfield code="d">OCL</marc:subfield><marc:subfield code="d">COO</marc:subfield><marc:subfield code="d">DLC</marc:subfield><marc:subfield code="d">OCLCE</marc:subfield><marc:subfield code="d">OCLCO</marc:subfield><marc:subfield code="d">GPO</marc:subfield><marc:subfield code="d">OCLCQ</marc:subfield><marc:subfield code="d">OCLCO</marc:subfield><marc:subfield code="d">OCLCQ</marc:subfield><marc:subfield code="d">GPO</marc:subfield><marc:subfield code="d">DOS</marc:subfield><marc:subfield code="d">CKK</marc:subfield><marc:subfield code="d">OCLCO</marc:subfield><marc:subfield code="d">ZAC</marc:subfield><marc:subfield code="d">OCLCO</marc:subfield><marc:subfield code="d">GPO</marc:subfield><marc:subfield code="d">IU0</marc:subfield><marc:subfield code="d">I3U</marc:subfield><marc:subfield code="d">HV6</marc:subfield><marc:subfield code="d">IN0</marc:subfield><marc:subfield code="d">XUN</marc:subfield><marc:subfield code="d">IE0</marc:subfield><marc:subfield code="d">XPJ</marc:subfield><marc:subfield code="d">IUP</marc:subfield><marc:subfield code="d">OCLCO</marc:subfield><marc:subfield code="d">OCLCA</marc:subfield><marc:subfield code="d">GPO</marc:subfield><marc:subfield code="d">MNM</marc:subfield><marc:subfield code="d">OCLCO</marc:subfield><marc:subfield code="d">GILDS</marc:subfield><marc:subfield code="d">OCLCO</marc:subfield><marc:subfield code="d">GPO</marc:subfield><marc:subfield code="d">MUO</marc:subfield><marc:subfield code="d">JBE</marc:subfield><marc:subfield code="d">ORU</marc:subfield><marc:subfield code="d">OCLCO</marc:subfield><marc:subfield code="d">GPO</marc:subfield><marc:subfield code="d">WYU</marc:subfield><marc:subfield code="d">OCLCO</marc:subfield><marc:subfield code="d">OCLCA</marc:subfield><marc:subfield code="d">AZP</marc:subfield><marc:subfield code="d">SOI</marc:subfield><marc:subfield code="d">ZWU</marc:subfield><marc:subfield code="d">FBM</marc:subfield><marc:subfield code="d">NKF</marc:subfield><marc:subfield code="d">BRL</marc:subfield><marc:subfield code="d">AUU</marc:subfield><marc:subfield code="d">CSP</marc:subfield><marc:subfield code="d">NXW</marc:subfield><marc:subfield code="d">SPI</marc:subfield><marc:subfield code="d">TLK</marc:subfield><marc:subfield code="d">VGM</marc:subfield><marc:subfield code="d">NIE</marc:subfield><marc:subfield code="d">COM</marc:subfield><marc:subfield code="d">GML</marc:subfield><marc:subfield code="d">MDY</marc:subfield><marc:subfield code="d">LUO</marc:subfield><marc:subfield code="d">NJK</marc:subfield><marc:subfield code="d">TEU</marc:subfield><marc:subfield code="d">NFS</marc:subfield><marc:subfield code="d">TXR</marc:subfield><marc:subfield code="d">IAS</marc:subfield><marc:subfield code="d">VT2</marc:subfield><marc:subfield code="d">OCLCO</marc:subfield><marc:subfield code="d">IUK</marc:subfield><marc:subfield code="d">OCLCO</marc:subfield><marc:subfield code="d">GPO</marc:subfield><marc:subfield code="d">GXR</marc:subfield><marc:subfield code="d">OCLCO</marc:subfield><marc:subfield code="d">OCLCQ</marc:subfield><marc:subfield code="d">OCLCO</marc:subfield><marc:subfield code="d">GPO</marc:subfield><marc:subfield code="d">OCLCA</marc:subfield><marc:subfield code="d">GPO</marc:subfield><marc:subfield code="d">OCLCA</marc:subfield><marc:subfield code="d">OCLCQ</marc:subfield><marc:subfield code="d">GPO</marc:subfield><marc:subfield code="d">OCLCQ</marc:subfield><marc:subfield code="d">GPO</marc:subfield><marc:subfield code="d">OCLCL</marc:subfield></marc:datafield><marc:datafield tag="019" ind1=" " ind2=" "><marc:subfield code="a">36162385</marc:subfield><marc:subfield code="a">298837886</marc:subfield><marc:subfield code="a">993100935</marc:subfield><marc:subfield code="a">1011422624</marc:subfield><marc:subfield code="a">1076787658</marc:subfield><marc:subfield code="a">1099142800</marc:subfield></marc:datafield><marc:datafield tag="022" ind1="0" ind2=" "><marc:subfield code="a">2380-3762</marc:subfield><marc:subfield code="2">1</marc:subfield></marc:datafield><marc:datafield tag="029" ind1="1" ind2=" "><marc:subfield code="a">AU@</marc:subfield><marc:subfield code="b">000023344780</marc:subfield></marc:datafield><marc:datafield tag="029" ind1="1" ind2=" "><marc:subfield code="a">AU@</marc:subfield><marc:subfield code="b">000051312468</marc:subfield></marc:datafield><marc:datafield tag="029" ind1="1" ind2=" "><marc:subfield code="a">NZ1</marc:subfield><marc:subfield code="b">11656362</marc:subfield></marc:datafield><marc:datafield tag="029" ind1="1" ind2=" "><marc:subfield code="a">NZ1</marc:subfield><marc:subfield code="b">12703193</marc:subfield></marc:datafield><marc:datafield tag="029" ind1="1" ind2=" "><marc:subfield code="a">NZ1</marc:subfield><marc:subfield code="b">14542113</marc:subfield></marc:datafield><marc:datafield tag="029" ind1="1" ind2=" "><marc:subfield code="a">OCLCS</marc:subfield><marc:subfield code="b">50769</marc:subfield></marc:datafield><marc:datafield tag="035" ind1=" " ind2=" "><marc:subfield code="a">(OCoLC)36392262</marc:subfield><marc:subfield code="z">(OCoLC)36162385</marc:subfield><marc:subfield code="z">(OCoLC)298837886</marc:subfield><marc:subfield code="z">(OCoLC)993100935</marc:subfield><marc:subfield code="z">(OCoLC)1011422624</marc:subfield><marc:subfield code="z">(OCoLC)1076787658</marc:subfield><marc:subfield code="z">(OCoLC)1099142800</marc:subfield></marc:datafield><marc:datafield tag="042" ind1=" " ind2=" "><marc:subfield code="a">pcc</marc:subfield><marc:subfield code="a">nsdp</marc:subfield></marc:datafield><marc:datafield tag="043" ind1=" " ind2=" "><marc:subfield code="a">n-us---</marc:subfield></marc:datafield><marc:datafield tag="050" ind1="1" ind2="0"><marc:subfield code="a">ISSN RECORD</marc:subfield></marc:datafield><marc:datafield tag="050" ind1=" " ind2="4"><marc:subfield code="a">HJ2051</marc:subfield><marc:subfield code="b">.A59</marc:subfield></marc:datafield><marc:datafield tag="074" ind1=" " ind2=" "><marc:subfield code="a">0853 (online)</marc:subfield></marc:datafield><marc:datafield tag="074" ind1=" " ind2=" "><marc:subfield code="a">0853-C-01 (online)</marc:subfield></marc:datafield><marc:datafield tag="082" ind1="0" ind2="0"><marc:subfield code="a">330.973</marc:subfield><marc:subfield code="2">23</marc:subfield></marc:datafield><marc:datafield tag="086" ind1="0" ind2=" "><marc:subfield code="a">PREX 2.8:2018/BLUEPRINT</marc:subfield><marc:subfield code="z">PREX 2.8:B 85</marc:subfield></marc:datafield><marc:datafield tag="086" ind1="0" ind2=" "><marc:subfield code="a">PREX 2.8:</marc:subfield></marc:datafield><marc:datafield tag="049" ind1=" " ind2=" "><marc:subfield code="a">GPOO</marc:subfield></marc:datafield><marc:datafield tag="110" ind1="1" ind2=" "><marc:subfield code="a">United States.</marc:subfield><marc:subfield code="b">Office of Management and Budget.</marc:subfield></marc:datafield><marc:datafield tag="222" ind1=" " ind2="0"><marc:subfield code="a">Budget of the United States Government</marc:subfield><marc:subfield code="b">(Dept. ed. Online)</marc:subfield></marc:datafield><marc:datafield tag="240" ind1="1" ind2="0"><marc:subfield code="a">Budget of the United States Government (Dept. ed. : Online)</marc:subfield></marc:datafield><marc:datafield tag="245" ind1="1" ind2="0"><marc:subfield code="a">Budget of the United States Government.</marc:subfield></marc:datafield><marc:datafield tag="246" ind1="1" ind2=" "><marc:subfield code="i">Some volumes have title:</marc:subfield><marc:subfield code="a">Budget of the U.S. Government</marc:subfield><marc:subfield code="f">2003-</marc:subfield></marc:datafield><marc:datafield tag="246" ind1="1" ind2=" "><marc:subfield code="i">Fiscal year 2010 Budget overview document has title:</marc:subfield><marc:subfield code="a">New era of responsibility :</marc:subfield><marc:subfield code="b">renewing America's promise</marc:subfield></marc:datafield><marc:datafield tag="246" ind1="1" ind2=" "><marc:subfield code="i">Fiscal year 2010 addendum has title:</marc:subfield><marc:subfield code="a">Terminations, reductions, and savings</marc:subfield></marc:datafield><marc:datafield tag="246" ind1="1" ind2=" "><marc:subfield code="i">Rev. summary tables for fiscal year 2010 issued separately in May 2009 with title:</marc:subfield><marc:subfield code="a">Updated summary tables</marc:subfield></marc:datafield><marc:datafield tag="246" ind1="1" ind2=" "><marc:subfield code="i">Fiscal year 2018 also has title:</marc:subfield><marc:subfield code="a">America first :</marc:subfield><marc:subfield code="b">a budget blueprint to make America great again</marc:subfield></marc:datafield><marc:datafield tag="246" ind1="1" ind2=" "><marc:subfield code="i">Fiscal year 2018 also has title:</marc:subfield><marc:subfield code="a">New foundation for American greatness</marc:subfield></marc:datafield><marc:datafield tag="246" ind1="1" ind2=" "><marc:subfield code="i">Fiscal year 2019 also has title:</marc:subfield><marc:subfield code="a">American budget</marc:subfield></marc:datafield><marc:datafield tag="246" ind1="1" ind2=" "><marc:subfield code="i">Fiscal year 2020 also has title:</marc:subfield><marc:subfield code="a">Budget for a better America</marc:subfield></marc:datafield><marc:datafield tag="246" ind1="1" ind2=" "><marc:subfield code="i">Fiscal year 2021 also has title:</marc:subfield><marc:subfield code="a">Budget for America's future</marc:subfield></marc:datafield><marc:datafield tag="250" ind1=" " ind2=" "><marc:subfield code="a">[Dept. ed.].</marc:subfield></marc:datafield><marc:datafield tag="260" ind1=" " ind2=" "><marc:subfield code="a">[Washington, D.C.] :</marc:subfield><marc:subfield code="b">Executive Office of the President, Office of Management and Budget</marc:subfield></marc:datafield><marc:datafield tag="300" ind1=" " ind2=" "><marc:subfield code="a">1 online resource (volumes) :</marc:subfield><marc:subfield code="b">illustrations</marc:subfield></marc:datafield><marc:datafield tag="310" ind1=" " ind2=" "><marc:subfield code="a">Annual</marc:subfield></marc:datafield><marc:datafield tag="336" ind1=" " ind2=" "><marc:subfield code="a">text</marc:subfield><marc:subfield code="b">txt</marc:subfield><marc:subfield code="2">rdacontent</marc:subfield></marc:datafield><marc:datafield tag="337" ind1=" " ind2=" "><marc:subfield code="a">computer</marc:subfield><marc:subfield code="b">c</marc:subfield><marc:subfield code="2">rdamedia</marc:subfield></marc:datafield><marc:datafield tag="338" ind1=" " ind2=" "><marc:subfield code="a">online resource</marc:subfield><marc:subfield code="b">cr</marc:subfield><marc:subfield code="2">rdacarrier</marc:subfield></marc:datafield><marc:datafield tag="362" ind1="1" ind2=" "><marc:subfield code="a">Print began with 1935/36.</marc:subfield></marc:datafield><marc:datafield tag="525" ind1=" " ind2=" "><marc:subfield code="a">Has supplements: War supplement, 1943/44, and: Corporation supplement, 1946/47.</marc:subfield></marc:datafield><marc:datafield tag="530" ind1=" " ind2=" "><marc:subfield code="a">Also issued in print (Dept. ed.) and (Doc. ed.).</marc:subfield></marc:datafield><marc:datafield tag="580" ind1=" " ind2=" "><marc:subfield code="a">Has companion titles: United States. Office of Management and Budget. Budget of the United States government (Online). Appendix; United States. Office of Management and Budget. Historical tables, budget of the United States government (Online); United States. Office of Management and Budget. Budget of the United States Government (Online). Analytical perspectives; and: A citizen's guide to the federal budget, budget of the United States government (Online).</marc:subfield></marc:datafield><marc:datafield tag="580" ind1=" " ind2=" "><marc:subfield code="a">Also issued as part of: United States. Office of Management and Budget. Budget of the United States Government (CD-ROM version).</marc:subfield></marc:datafield><marc:datafield tag="580" ind1=" " ind2=" "><marc:subfield code="a">Volume for Fiscal year 2018 complemented by: America first : a budget blueprint to make America great again.</marc:subfield></marc:datafield><marc:datafield tag="588" ind1="0" ind2=" "><marc:subfield code="a">Fiscal year 1997; title from PDF title page (GPO website, viewed Feb. 14, 1997).</marc:subfield></marc:datafield><marc:datafield tag="588" ind1="1" ind2=" "><marc:subfield code="a">Fiscal year 2022 (GPO website, viewed June 22, 2021).</marc:subfield></marc:datafield><marc:datafield tag="650" ind1=" " ind2="0"><marc:subfield code="a">Budget</marc:subfield><marc:subfield code="z">United States</marc:subfield><marc:subfield code="v">Periodicals.</marc:subfield></marc:datafield><marc:datafield tag="651" ind1=" " ind2="0"><marc:subfield code="a">United States</marc:subfield><marc:subfield code="x">Appropriations and expenditures</marc:subfield><marc:subfield code="v">Periodicals.</marc:subfield></marc:datafield><marc:datafield tag="651" ind1=" " ind2="0"><marc:subfield code="a">United States</marc:subfield><marc:subfield code="x">Appropriations and expenditures</marc:subfield><marc:subfield code="x">Forecasting</marc:subfield><marc:subfield code="v">Periodicals.</marc:subfield></marc:datafield><marc:datafield tag="650" ind1=" " ind2="2"><marc:subfield code="a">Budgets.</marc:subfield><marc:subfield code="0">(DNLM)D002017</marc:subfield></marc:datafield><marc:datafield tag="650" ind1=" " ind2="2"><marc:subfield code="a">Financial Management.</marc:subfield><marc:subfield code="0">(DNLM)D005376</marc:subfield></marc:datafield><marc:datafield tag="650" ind1=" " ind2="2"><marc:subfield code="a">Financing, Government.</marc:subfield><marc:subfield code="0">(DNLM)D005380</marc:subfield></marc:datafield><marc:datafield tag="651" ind1=" " ind2="2"><marc:subfield code="a">United States.</marc:subfield><marc:subfield code="0">(DNLM)D014481</marc:subfield></marc:datafield><marc:datafield tag="650" ind1=" " ind2="7"><marc:subfield code="a">Expenditures, Public</marc:subfield><marc:subfield code="2">fast</marc:subfield><marc:subfield code="0">(OCoLC)fst00918345</marc:subfield></marc:datafield><marc:datafield tag="650" ind1=" " ind2="7"><marc:subfield code="a">Budget.</marc:subfield><marc:subfield code="2">fast</marc:subfield><marc:subfield code="0">(OCoLC)fst00840336</marc:subfield></marc:datafield><marc:datafield tag="651" ind1=" " ind2="7"><marc:subfield code="a">United States.</marc:subfield><marc:subfield code="2">fast</marc:subfield><marc:subfield code="0">(OCoLC)fst01204155</marc:subfield><marc:subfield code="1">https://id.oclc.org/worldcat/entity/E39PBJtxgQXMWqmjMjjwXRHgrq</marc:subfield></marc:datafield><marc:datafield tag="655" ind1=" " ind2="2"><marc:subfield code="a">Periodical.</marc:subfield><marc:subfield code="0">(DNLM)D020492</marc:subfield></marc:datafield><marc:datafield tag="655" ind1=" " ind2="4"><marc:subfield code="a">Internet resource.</marc:subfield></marc:datafield><marc:datafield tag="655" ind1=" " ind2="7"><marc:subfield code="a">Periodicals.</marc:subfield><marc:subfield code="2">fast</marc:subfield><marc:subfield code="0">(OCoLC)fst01411641</marc:subfield></marc:datafield><marc:datafield tag="770" ind1="0" ind2="8"><marc:subfield code="i">Supplement (work):</marc:subfield><marc:subfield code="a">United States. Office of Management and Budget.</marc:subfield><marc:subfield code="s">Budget of the United States Government (Online). Supplement.</marc:subfield><marc:subfield code="t">Budget of the United States Government. Supplement</marc:subfield><marc:subfield code="w">(DLC)sn 97028032</marc:subfield><marc:subfield code="w">(OCoLC)36506203</marc:subfield></marc:datafield><marc:datafield tag="770" ind1="0" ind2="8"><marc:subfield code="i">Supplement (work):</marc:subfield><marc:subfield code="a">National Nanotechnology Initiative (U.S.).</marc:subfield><marc:subfield code="t">National Nanotechnology Initiative. Supplement to the President's ... budget</marc:subfield><marc:subfield code="w">(DLC)  2018230652</marc:subfield><marc:subfield code="w">(OCoLC)1028579721</marc:subfield></marc:datafield><marc:datafield tag="776" ind1="0" ind2="8"><marc:subfield code="i">Print version:</marc:subfield><marc:subfield code="a">United States.</marc:subfield><marc:subfield code="s">Budget of the United States Government (Dept. ed.).</marc:subfield><marc:subfield code="t">Budget of the United States Government</marc:subfield><marc:subfield code="x">0163-2000</marc:subfield><marc:subfield code="w">(DLC)   70611049</marc:subfield><marc:subfield code="w">(OCoLC)932137</marc:subfield></marc:datafield><marc:datafield tag="776" ind1="0" ind2="8"><marc:subfield code="i">Print version:</marc:subfield><marc:subfield code="a">United States. Office of Management and Budget.</marc:subfield><marc:subfield code="s">Budget of the United States Government (Doc. ed.).</marc:subfield><marc:subfield code="t">Budget of the United States Government</marc:subfield><marc:subfield code="x">2380-3649</marc:subfield><marc:subfield code="w">(DLC)sn 87042035</marc:subfield><marc:subfield code="w">(OCoLC)6018330</marc:subfield></marc:datafield><marc:datafield tag="776" ind1="0" ind2="8"><marc:subfield code="i">CD-ROM version:</marc:subfield><marc:subfield code="a">United States. Office of Management and Budget.</marc:subfield><marc:subfield code="s">Budget of the United States Government (Dept. ed. : CD-ROM).</marc:subfield><marc:subfield code="t">Budget of the United States Government</marc:subfield><marc:subfield code="x">2380-338X</marc:subfield><marc:subfield code="w">(DLC)  2007219192</marc:subfield><marc:subfield code="w">(OCoLC)32716725</marc:subfield></marc:datafield><marc:datafield tag="787" ind1="0" ind2=" "><marc:subfield code="a">United States. Office of Management and Budget.</marc:subfield><marc:subfield code="s">Budget of the United States Government (Online). Appendix.</marc:subfield><marc:subfield code="t">Budget of the United States Government. Appendix</marc:subfield><marc:subfield code="w">(DLC)sn 97028022</marc:subfield><marc:subfield code="w">(OCoLC)36402121</marc:subfield></marc:datafield><marc:datafield tag="787" ind1="0" ind2=" "><marc:subfield code="a">United States. Office of Management and Budget.</marc:subfield><marc:subfield code="s">Budget of the United States Government (Online). Analytical perspectives.</marc:subfield><marc:subfield code="t">Budget of the United States Government. Analytical perspectives</marc:subfield><marc:subfield code="x">1934-0036</marc:subfield><marc:subfield code="w">(DLC)sn 97028024</marc:subfield><marc:subfield code="w">(OCoLC)36402085</marc:subfield></marc:datafield><marc:datafield tag="787" ind1="0" ind2=" "><marc:subfield code="a">United States. Office of Management and Budget.</marc:subfield><marc:subfield code="s">Budget of the United States Government (CD-ROM version).</marc:subfield><marc:subfield code="t">Budget of the United States Government</marc:subfield><marc:subfield code="x">2380-338X</marc:subfield><marc:subfield code="w">(DLC)  2007219192</marc:subfield><marc:subfield code="w">(OCoLC)32716725</marc:subfield></marc:datafield><marc:datafield tag="787" ind1="0" ind2=" "><marc:subfield code="a">United States. Office of Management and Budget.</marc:subfield><marc:subfield code="s">Historical tables, budget of the United States government (Online).</marc:subfield><marc:subfield code="t">Historical tables, budget of the United States government</marc:subfield><marc:subfield code="x">2380-3800</marc:subfield><marc:subfield code="w">(DLC)sn 97028023</marc:subfield><marc:subfield code="w">(OCoLC)36402150</marc:subfield></marc:datafield><marc:datafield tag="787" ind1="0" ind2=" "><marc:subfield code="t">Citizen's guide to the federal budget, budget of the United States government (Online)</marc:subfield><marc:subfield code="x">2380-3746</marc:subfield><marc:subfield code="w">(DLC)sn 97028025</marc:subfield><marc:subfield code="w">(OCoLC)36402176</marc:subfield></marc:datafield><marc:datafield tag="787" ind1="0" ind2="8"><marc:subfield code="i">Volume for Fiscal year 2018 complemented by (work):</marc:subfield><marc:subfield code="a">United States. Office of Management and Budget.</marc:subfield><marc:subfield code="t">America first.</marc:subfield><marc:subfield code="d">[Washington, D.C.] : Executive Office of the President of the United States, Office of Management and Budget, 2017</marc:subfield><marc:subfield code="w">(OCoLC)976037222</marc:subfield></marc:datafield><marc:datafield tag="856" ind1="4" ind2="0"><marc:subfield code="3">1996-</marc:subfield><marc:subfield code="u">https://purl.fdlp.gov/GPO/LPS2343</marc:subfield><marc:subfield code="7">0</marc:subfield></marc:datafield><marc:datafield tag="856" ind1="4" ind2=" "><marc:subfield code="3">1996-</marc:subfield><marc:subfield code="u">https://www.govinfo.gov/app/collection/budget/</marc:subfield></marc:datafield><marc:datafield tag="856" ind1="4" ind2="0"><marc:subfield code="3">1923-</marc:subfield><marc:subfield code="u">https://purl.fdlp.gov/GPO/LPS86165</marc:subfield><marc:subfield code="7">0</marc:subfield></marc:datafield><marc:datafield tag="856" ind1="4" ind2=" "><marc:subfield code="3">1923-</marc:subfield><marc:subfield code="u">https://fraser.stlouisfed.org/title/54</marc:subfield></marc:datafield><marc:datafield tag="856" ind1="4" ind2="0"><marc:subfield code="u">http://purl.fdlp.gov/GPO/gpo18929</marc:subfield><marc:subfield code="z">Mobile application replaced with mobile-friendly website</marc:subfield><marc:subfield code="7">0</marc:subfield></marc:datafield><marc:datafield tag="856" ind1="4" ind2="0"><marc:subfield code="3">1977/1978</marc:subfield><marc:subfield code="u">http://books.google.com/books?id=2Y4zAAAAMAAJ</marc:subfield></marc:datafield><marc:datafield tag="856" ind1="4" ind2="0"><marc:subfield code="3">1971/1972</marc:subfield><marc:subfield code="u">http://books.google.com/books?id=4IUzAAAAMAAJ</marc:subfield></marc:datafield><marc:datafield tag="856" ind1="4" ind2="0"><marc:subfield code="3">Google, 1977/1978 revision Nov</marc:subfield><marc:subfield code="u">http://books.google.com/books?id=WuQzAAAAMAAJ</marc:subfield></marc:datafield><marc:datafield tag="856" ind1="4" ind2="0"><marc:subfield code="3">Google, 1972/1973</marc:subfield><marc:subfield code="u">http://books.google.com/books?id=foYzAAAAMAAJ</marc:subfield></marc:datafield><marc:datafield tag="856" ind1="4" ind2="0"><marc:subfield code="3">Google, 1974/1975</marc:subfield><marc:subfield code="u">http://books.google.com/books?id=Yo4zAAAAMAAJ</marc:subfield></marc:datafield><marc:datafield tag="856" ind1="4" ind2="0"><marc:subfield code="3">Google, 1978/1979</marc:subfield><marc:subfield code="u">http://books.google.com/books?id=NI8zAAAAMAAJ</marc:subfield></marc:datafield><marc:datafield tag="856" ind1="4" ind2="0"><marc:subfield code="3">Google, 1975/1976-1976/1977</marc:subfield><marc:subfield code="u">http://books.google.com/books?id=C4czAAAAMAAJ</marc:subfield></marc:datafield><marc:datafield tag="856" ind1="4" ind2="0"><marc:subfield code="3">Google, 1973/1974</marc:subfield><marc:subfield code="u">http://books.google.com/books?id=NY4zAAAAMAAJ</marc:subfield></marc:datafield><marc:datafield tag="994" ind1=" " ind2=" "><marc:subfield code="a">C0</marc:subfield><marc:subfield code="b">GPO</marc:subfield></marc:datafield></marc:record>