
<marc:record><marc:leader>03527cai a2200649 a 4500</marc:leader>
<marc:controlfield tag="001">ocm44356445 </marc:controlfield>
<marc:controlfield tag="003">OCoLC</marc:controlfield><marc:controlfield tag="005">20231226083644.0</marc:controlfield><marc:controlfield tag="006">m     o  d f      </marc:controlfield><marc:controlfield tag="007">cr mn|||||||||</marc:controlfield><marc:controlfield tag="008">991116c199u9999dcuwr wso s  f0    2eng  </marc:controlfield><marc:datafield tag="010" ind1=" " ind2=" "><marc:subfield code="a">  2009243715</marc:subfield></marc:datafield><marc:datafield tag="040" ind1=" " ind2=" "><marc:subfield code="a">NLM</marc:subfield><marc:subfield code="b">eng</marc:subfield><marc:subfield code="c">NLM</marc:subfield><marc:subfield code="d">N@F</marc:subfield><marc:subfield code="d">MNY</marc:subfield><marc:subfield code="d">IE@</marc:subfield><marc:subfield code="d">OCLCF</marc:subfield><marc:subfield code="d">VLB</marc:subfield><marc:subfield code="d">OCLCQ</marc:subfield><marc:subfield code="d">OCLCO</marc:subfield><marc:subfield code="d">GPO</marc:subfield><marc:subfield code="d">OCLCQ</marc:subfield><marc:subfield code="d">JFL</marc:subfield><marc:subfield code="d">OCLCQ</marc:subfield><marc:subfield code="d">OCLCO</marc:subfield><marc:subfield code="d">GPO</marc:subfield><marc:subfield code="d">OCLCA</marc:subfield><marc:subfield code="d">GPO</marc:subfield><marc:subfield code="d">ZQP</marc:subfield><marc:subfield code="d">GZM</marc:subfield><marc:subfield code="d">NJR</marc:subfield><marc:subfield code="d">OCLCO</marc:subfield><marc:subfield code="d">GPO</marc:subfield><marc:subfield code="d">OCLCO</marc:subfield><marc:subfield code="d">OCLCQ</marc:subfield></marc:datafield><marc:datafield tag="016" ind1="7" ind2=" "><marc:subfield code="a">101517826</marc:subfield><marc:subfield code="2">DNLM</marc:subfield></marc:datafield><marc:datafield tag="019" ind1=" " ind2=" "><marc:subfield code="a">44201099</marc:subfield><marc:subfield code="a">232551423</marc:subfield><marc:subfield code="a">1098742180</marc:subfield><marc:subfield code="a">1239368321</marc:subfield><marc:subfield code="a">1239369353</marc:subfield><marc:subfield code="a">1239385621</marc:subfield><marc:subfield code="a">1239406993</marc:subfield><marc:subfield code="a">1239448149</marc:subfield><marc:subfield code="a">1239449445</marc:subfield><marc:subfield code="a">1239470105</marc:subfield><marc:subfield code="a">1239498152</marc:subfield><marc:subfield code="a">1239512997</marc:subfield><marc:subfield code="a">1239551161</marc:subfield><marc:subfield code="a">1239571492</marc:subfield><marc:subfield code="a">1239597922</marc:subfield><marc:subfield code="a">1239608985</marc:subfield><marc:subfield code="a">1255643155</marc:subfield><marc:subfield code="a">1255643462</marc:subfield><marc:subfield code="a">1255646115</marc:subfield><marc:subfield code="a">1255647333</marc:subfield><marc:subfield code="a">1255649358</marc:subfield><marc:subfield code="a">1255651164</marc:subfield><marc:subfield code="a">1255653170</marc:subfield><marc:subfield code="a">1255655568</marc:subfield><marc:subfield code="a">1255655881</marc:subfield><marc:subfield code="a">1255658246</marc:subfield><marc:subfield code="a">1255659980</marc:subfield><marc:subfield code="a">1255666489</marc:subfield><marc:subfield code="a">1255667565</marc:subfield><marc:subfield code="a">1367997276</marc:subfield></marc:datafield><marc:datafield tag="029" ind1="0" ind2=" "><marc:subfield code="a">NLM</marc:subfield><marc:subfield code="b">101517826</marc:subfield></marc:datafield><marc:datafield tag="029" ind1="1" ind2=" "><marc:subfield code="a">N@F</marc:subfield><marc:subfield code="b">243248</marc:subfield></marc:datafield><marc:datafield tag="029" ind1="1" ind2=" "><marc:subfield code="a">N@F</marc:subfield><marc:subfield code="b">335191</marc:subfield></marc:datafield><marc:datafield tag="029" ind1="1" ind2=" "><marc:subfield code="a">AU@</marc:subfield><marc:subfield code="b">000044829913</marc:subfield></marc:datafield><marc:datafield tag="035" ind1=" " ind2=" "><marc:subfield code="a">(OCoLC)44356445</marc:subfield><marc:subfield code="z">(OCoLC)44201099</marc:subfield><marc:subfield code="z">(OCoLC)232551423</marc:subfield><marc:subfield code="z">(OCoLC)1098742180</marc:subfield><marc:subfield code="z">(OCoLC)1239368321</marc:subfield><marc:subfield code="z">(OCoLC)1239369353</marc:subfield><marc:subfield code="z">(OCoLC)1239385621</marc:subfield><marc:subfield code="z">(OCoLC)1239406993</marc:subfield><marc:subfield code="z">(OCoLC)1239448149</marc:subfield><marc:subfield code="z">(OCoLC)1239449445</marc:subfield><marc:subfield code="z">(OCoLC)1239470105</marc:subfield><marc:subfield code="z">(OCoLC)1239498152</marc:subfield><marc:subfield code="z">(OCoLC)1239512997</marc:subfield><marc:subfield code="z">(OCoLC)1239551161</marc:subfield><marc:subfield code="z">(OCoLC)1239571492</marc:subfield><marc:subfield code="z">(OCoLC)1239597922</marc:subfield><marc:subfield code="z">(OCoLC)1239608985</marc:subfield><marc:subfield code="z">(OCoLC)1255643155</marc:subfield><marc:subfield code="z">(OCoLC)1255643462</marc:subfield><marc:subfield code="z">(OCoLC)1255646115</marc:subfield><marc:subfield code="z">(OCoLC)1255647333</marc:subfield><marc:subfield code="z">(OCoLC)1255649358</marc:subfield><marc:subfield code="z">(OCoLC)1255651164</marc:subfield><marc:subfield code="z">(OCoLC)1255653170</marc:subfield><marc:subfield code="z">(OCoLC)1255655568</marc:subfield><marc:subfield code="z">(OCoLC)1255655881</marc:subfield><marc:subfield code="z">(OCoLC)1255658246</marc:subfield><marc:subfield code="z">(OCoLC)1255659980</marc:subfield><marc:subfield code="z">(OCoLC)1255666489</marc:subfield><marc:subfield code="z">(OCoLC)1255667565</marc:subfield><marc:subfield code="z">(OCoLC)1367997276</marc:subfield></marc:datafield><marc:datafield tag="042" ind1=" " ind2=" "><marc:subfield code="a">pcc</marc:subfield></marc:datafield><marc:datafield tag="043" ind1=" " ind2=" "><marc:subfield code="a">n-us---</marc:subfield></marc:datafield><marc:datafield tag="060" ind1="1" ind2="0"><marc:subfield code="a">Z 7164.G7</marc:subfield></marc:datafield><marc:datafield tag="074" ind1=" " ind2=" "><marc:subfield code="a">0856-A-39 (online)</marc:subfield></marc:datafield><marc:datafield tag="082" ind1="0" ind2="4"><marc:subfield code="a">070.5797</marc:subfield></marc:datafield><marc:datafield tag="082" ind1="0" ind2="4"><marc:subfield code="a">910</marc:subfield></marc:datafield><marc:datafield tag="086" ind1="0" ind2=" "><marc:subfield code="a">PREX 3.15/3:</marc:subfield></marc:datafield><marc:datafield tag="049" ind1=" " ind2=" "><marc:subfield code="a">GPOO</marc:subfield></marc:datafield><marc:datafield tag="130" ind1="0" ind2=" "><marc:subfield code="a">World factbook (Washington, D.C.)</marc:subfield></marc:datafield><marc:datafield tag="245" ind1="1" ind2="4"><marc:subfield code="a">The world factbook.</marc:subfield></marc:datafield><marc:datafield tag="264" ind1=" " ind2="1"><marc:subfield code="a">[Washington, D.C.] :</marc:subfield><marc:subfield code="b">U.S. Central Intelligence Agency</marc:subfield></marc:datafield><marc:datafield tag="300" ind1=" " ind2=" "><marc:subfield code="a">1 online resource</marc:subfield></marc:datafield><marc:datafield tag="310" ind1=" " ind2=" "><marc:subfield code="a">Updated weekly,</marc:subfield><marc:subfield code="b">2010-</marc:subfield></marc:datafield><marc:datafield tag="321" ind1=" " ind2=" "><marc:subfield code="a">Updated biweekly,</marc:subfield><marc:subfield code="b">2004-2009</marc:subfield></marc:datafield><marc:datafield tag="336" ind1=" " ind2=" "><marc:subfield code="a">text</marc:subfield><marc:subfield code="b">txt</marc:subfield><marc:subfield code="2">rdacontent</marc:subfield></marc:datafield><marc:datafield tag="337" ind1=" " ind2=" "><marc:subfield code="a">computer</marc:subfield><marc:subfield code="b">c</marc:subfield><marc:subfield code="2">rdamedia</marc:subfield></marc:datafield><marc:datafield tag="338" ind1=" " ind2=" "><marc:subfield code="a">online resource</marc:subfield><marc:subfield code="b">cr</marc:subfield><marc:subfield code="2">rdacarrier</marc:subfield></marc:datafield><marc:datafield tag="520" ind1="8" ind2=" "><marc:subfield code="a">Provides information on the history, people, government, economy, energy, geography, communications, transportation, military, and transnational issues for 267 world entities.</marc:subfield></marc:datafield><marc:datafield tag="588" ind1="0" ind2=" "><marc:subfield code="a">Contents viewed Dec. 12, 2017; title from web page.</marc:subfield></marc:datafield><marc:datafield tag="650" ind1=" " ind2="0"><marc:subfield code="a">Geopolitics.</marc:subfield></marc:datafield><marc:datafield tag="650" ind1=" " ind2="0"><marc:subfield code="a">Population</marc:subfield><marc:subfield code="v">Statistics.</marc:subfield></marc:datafield><marc:datafield tag="650" ind1=" " ind2="7"><marc:subfield code="a">Geopolitics.</marc:subfield><marc:subfield code="2">fast</marc:subfield><marc:subfield code="0">(OCoLC)fst00941045</marc:subfield></marc:datafield><marc:datafield tag="650" ind1=" " ind2="7"><marc:subfield code="a">Population.</marc:subfield><marc:subfield code="2">fast</marc:subfield><marc:subfield code="0">(OCoLC)fst01071476</marc:subfield></marc:datafield><marc:datafield tag="650" ind1="1" ind2="2"><marc:subfield code="a">Population Characteristics.</marc:subfield><marc:subfield code="0">(DNLM)D011154</marc:subfield></marc:datafield><marc:datafield tag="650" ind1=" " ind2="2"><marc:subfield code="a">Government Publications as Topic.</marc:subfield><marc:subfield code="0">(DNLM)D006079</marc:subfield></marc:datafield><marc:datafield tag="655" ind1=" " ind2="0"><marc:subfield code="a">Government publications</marc:subfield><marc:subfield code="z">United States.</marc:subfield></marc:datafield><marc:datafield tag="655" ind1=" " ind2="7"><marc:subfield code="a">Statistics.</marc:subfield><marc:subfield code="2">fast</marc:subfield><marc:subfield code="0">(OCoLC)fst01423727</marc:subfield></marc:datafield><marc:datafield tag="655" ind1=" " ind2="7"><marc:subfield code="a">Statistics.</marc:subfield><marc:subfield code="2">lcgft</marc:subfield></marc:datafield><marc:datafield tag="655" ind1=" " ind2="2"><marc:subfield code="a">Database.</marc:subfield><marc:subfield code="0">(DNLM)D019991</marc:subfield></marc:datafield><marc:datafield tag="710" ind1="1" ind2=" "><marc:subfield code="a">United States.</marc:subfield><marc:subfield code="b">Central Intelligence Agency.</marc:subfield></marc:datafield><marc:datafield tag="776" ind1="0" ind2="8"><marc:subfield code="i">Print serial version, 1981-2017:</marc:subfield><marc:subfield code="t">World factbook (Washington, D.C.)</marc:subfield><marc:subfield code="x">0277-1527</marc:subfield><marc:subfield code="w">(DLC)   81641760</marc:subfield><marc:subfield code="w">(OCoLC)7390695</marc:subfield></marc:datafield><marc:datafield tag="776" ind1="0" ind2="8"><marc:subfield code="i">Online serial version, -2019:</marc:subfield><marc:subfield code="t">World factbook (Washington, D.C.)</marc:subfield><marc:subfield code="x">1553-8133</marc:subfield><marc:subfield code="w">(DLC)   98646984</marc:subfield><marc:subfield code="w">(OCoLC)34199805</marc:subfield></marc:datafield><marc:datafield tag="776" ind1="0" ind2="8"><marc:subfield code="i">CD-ROM version:</marc:subfield><marc:subfield code="t">World factbook (Washington, D.C. : CD-ROM)</marc:subfield><marc:subfield code="w">(DLC)sn 96028241</marc:subfield><marc:subfield code="w">(OCoLC)34999546</marc:subfield></marc:datafield><marc:datafield tag="776" ind1="0" ind2="8"><marc:subfield code="i">Diskette version:</marc:subfield><marc:subfield code="t">World factbook (Washington, D.C. : Diskette)</marc:subfield><marc:subfield code="w">(OCoLC)30465751</marc:subfield></marc:datafield><marc:datafield tag="856" ind1="4" ind2="0"><marc:subfield code="u">http://purl.fdlp.gov/GPO/gpo66764</marc:subfield><marc:subfield code="7">0</marc:subfield></marc:datafield><marc:datafield tag="856" ind1="4" ind2=" "><marc:subfield code="u">https://www.cia.gov/the-world-factbook/</marc:subfield></marc:datafield><marc:datafield tag="994" ind1=" " ind2=" "><marc:subfield code="a">C0</marc:subfield><marc:subfield code="b">GPO</marc:subfield></marc:datafield></marc:record>