
<marc:record><marc:leader>55112cas a2209397 a 4500</marc:leader>
<marc:controlfield tag="001">ocn608099573</marc:controlfield>
<marc:controlfield tag="003">OCoLC</marc:controlfield><marc:controlfield tag="005">20231226083644.0</marc:controlfield><marc:controlfield tag="006">m     o  d        </marc:controlfield><marc:controlfield tag="007">cr bn||||||abp</marc:controlfield><marc:controlfield tag="007">cr bn||||||ada</marc:controlfield><marc:controlfield tag="008">100420c19469999dcuuu m oz   f0   a0eng d</marc:controlfield><marc:datafield tag="010" ind1=" " ind2=" "><marc:subfield code="a">   46006169 </marc:subfield></marc:datafield><marc:datafield tag="040" ind1=" " ind2=" "><marc:subfield code="a">OCLCE</marc:subfield><marc:subfield code="b">eng</marc:subfield><marc:subfield code="e">pn</marc:subfield><marc:subfield code="c">OCLCE</marc:subfield><marc:subfield code="d">OCLCQ</marc:subfield><marc:subfield code="d">OCLCO</marc:subfield><marc:subfield code="d">OCLCQ</marc:subfield><marc:subfield code="d">OCLCA</marc:subfield><marc:subfield code="d">OCLCQ</marc:subfield><marc:subfield code="d">UPP</marc:subfield><marc:subfield code="d">OCLCF</marc:subfield><marc:subfield code="d">OCL</marc:subfield><marc:subfield code="d">CLU</marc:subfield><marc:subfield code="d">CPV</marc:subfield><marc:subfield code="d">RLINP</marc:subfield><marc:subfield code="d">EMI</marc:subfield><marc:subfield code="d">UCO</marc:subfield><marc:subfield code="d">AU@</marc:subfield><marc:subfield code="d">OCLCQ</marc:subfield><marc:subfield code="d">OCLCO</marc:subfield><marc:subfield code="d">OCL</marc:subfield><marc:subfield code="d">OCLCA</marc:subfield><marc:subfield code="d">LVT</marc:subfield><marc:subfield code="d">NPI</marc:subfield><marc:subfield code="d">UCILW</marc:subfield><marc:subfield code="d">GPO</marc:subfield><marc:subfield code="d">Z5A</marc:subfield><marc:subfield code="d">FIE</marc:subfield><marc:subfield code="d">VGL</marc:subfield><marc:subfield code="d">UX1</marc:subfield><marc:subfield code="d">VT2</marc:subfield><marc:subfield code="d">STF</marc:subfield><marc:subfield code="d">LIP</marc:subfield><marc:subfield code="d">OCLCQ</marc:subfield><marc:subfield code="d">OCLCO</marc:subfield><marc:subfield code="d">SFB</marc:subfield><marc:subfield code="d">OCLCO</marc:subfield><marc:subfield code="d">OCLCQ</marc:subfield><marc:subfield code="d">OCLCL</marc:subfield></marc:datafield><marc:datafield tag="016" ind1="7" ind2=" "><marc:subfield code="a">011142868.</marc:subfield><marc:subfield code="2">Uk</marc:subfield></marc:datafield><marc:datafield tag="019" ind1=" " ind2=" "><marc:subfield code="a">54834287</marc:subfield><marc:subfield code="a">652279903</marc:subfield><marc:subfield code="a">667865560</marc:subfield><marc:subfield code="a">827174557</marc:subfield><marc:subfield code="a">1120930348</marc:subfield></marc:datafield><marc:datafield tag="022" ind1=" " ind2=" "><marc:subfield code="a">0083-0186</marc:subfield><marc:subfield code="l">0083-0186</marc:subfield><marc:subfield code="2">1</marc:subfield></marc:datafield><marc:datafield tag="029" ind1="1" ind2=" "><marc:subfield code="a">AU@</marc:subfield><marc:subfield code="b">000026511755</marc:subfield></marc:datafield><marc:datafield tag="029" ind1="1" ind2=" "><marc:subfield code="a">AU@</marc:subfield><marc:subfield code="b">000043712038</marc:subfield></marc:datafield><marc:datafield tag="029" ind1="1" ind2=" "><marc:subfield code="a">AU@</marc:subfield><marc:subfield code="b">000044939838</marc:subfield></marc:datafield><marc:datafield tag="029" ind1="1" ind2=" "><marc:subfield code="a">AU@</marc:subfield><marc:subfield code="b">000045728866</marc:subfield></marc:datafield><marc:datafield tag="029" ind1="1" ind2=" "><marc:subfield code="a">AU@</marc:subfield><marc:subfield code="b">000050491332</marc:subfield></marc:datafield><marc:datafield tag="029" ind1="1" ind2=" "><marc:subfield code="a">NZ1</marc:subfield><marc:subfield code="b">12188221</marc:subfield></marc:datafield><marc:datafield tag="029" ind1="1" ind2=" "><marc:subfield code="a">NZ1</marc:subfield><marc:subfield code="b">14783161</marc:subfield></marc:datafield><marc:datafield tag="029" ind1="1" ind2=" "><marc:subfield code="a">NZ1</marc:subfield><marc:subfield code="b">16234963</marc:subfield></marc:datafield><marc:datafield tag="029" ind1="1" ind2=" "><marc:subfield code="a">NZ1</marc:subfield><marc:subfield code="b">9724484</marc:subfield></marc:datafield><marc:datafield tag="029" ind1="1" ind2=" "><marc:subfield code="a">AU@</marc:subfield><marc:subfield code="b">000051341841</marc:subfield></marc:datafield><marc:datafield tag="035" ind1=" " ind2=" "><marc:subfield code="a">(OCoLC)608099573</marc:subfield><marc:subfield code="z">(OCoLC)54834287</marc:subfield><marc:subfield code="z">(OCoLC)652279903</marc:subfield><marc:subfield code="z">(OCoLC)667865560</marc:subfield><marc:subfield code="z">(OCoLC)827174557</marc:subfield><marc:subfield code="z">(OCoLC)1120930348</marc:subfield></marc:datafield><marc:datafield tag="042" ind1=" " ind2=" "><marc:subfield code="a">dlr</marc:subfield></marc:datafield><marc:datafield tag="043" ind1=" " ind2=" "><marc:subfield code="a">n-us---</marc:subfield></marc:datafield><marc:datafield tag="050" ind1=" " ind2="4"><marc:subfield code="a">KZ235.32</marc:subfield></marc:datafield><marc:datafield tag="074" ind1=" " ind2=" "><marc:subfield code="a">0899-A-01 (online)</marc:subfield></marc:datafield><marc:datafield tag="082" ind1="0" ind2="4"><marc:subfield code="a">341.273</marc:subfield></marc:datafield><marc:datafield tag="086" ind1="0" ind2=" "><marc:subfield code="a">S 9.10:</marc:subfield></marc:datafield><marc:datafield tag="049" ind1=" " ind2=" "><marc:subfield code="a">GPOO</marc:subfield></marc:datafield><marc:datafield tag="110" ind1="1" ind2=" "><marc:subfield code="a">United States,</marc:subfield><marc:subfield code="e">participant in a treaty.</marc:subfield></marc:datafield><marc:datafield tag="245" ind1="1" ind2="0"><marc:subfield code="a">Treaties and other international acts series.</marc:subfield></marc:datafield><marc:datafield tag="246" ind1="1" ind2=" "><marc:subfield code="i">Citation title:</marc:subfield><marc:subfield code="a">T.I.A.S.</marc:subfield></marc:datafield><marc:datafield tag="246" ind1="1" ind2=" "><marc:subfield code="a">TIAS</marc:subfield></marc:datafield><marc:datafield tag="246" ind1="1" ind2=" "><marc:subfield code="a">TIAS agreements</marc:subfield></marc:datafield><marc:datafield tag="260" ind1=" " ind2=" "><marc:subfield code="a">[Washington, D.C.?] :</marc:subfield><marc:subfield code="b">Dept. of State :</marc:subfield><marc:subfield code="b">For sale by the Supt. of Docs., U.S. G.P.O.,</marc:subfield><marc:subfield code="c">1946-</marc:subfield></marc:datafield><marc:datafield tag="300" ind1=" " ind2=" "><marc:subfield code="a">1 online resource (volumes)</marc:subfield></marc:datafield><marc:datafield tag="336" ind1=" " ind2=" "><marc:subfield code="a">text</marc:subfield><marc:subfield code="b">txt</marc:subfield><marc:subfield code="2">rdacontent</marc:subfield></marc:datafield><marc:datafield tag="337" ind1=" " ind2=" "><marc:subfield code="a">computer</marc:subfield><marc:subfield code="b">c</marc:subfield><marc:subfield code="2">rdamedia</marc:subfield></marc:datafield><marc:datafield tag="338" ind1=" " ind2=" "><marc:subfield code="a">online resource</marc:subfield><marc:subfield code="b">cr</marc:subfield><marc:subfield code="2">rdacarrier</marc:subfield></marc:datafield><marc:datafield tag="362" ind1="1" ind2=" "><marc:subfield code="a">Began with 1501 (1946).</marc:subfield></marc:datafield><marc:datafield tag="490" ind1="1" ind2=" "><marc:subfield code="a">[Publication] ;</marc:subfield><marc:subfield code="v">1501-&lt;1507&gt;</marc:subfield></marc:datafield><marc:datafield tag="506" ind1=" " ind2=" "><marc:subfield code="3">Use copy</marc:subfield><marc:subfield code="f">Restrictions unspecified</marc:subfield><marc:subfield code="2">star</marc:subfield><marc:subfield code="5">MiAaHDL</marc:subfield></marc:datafield><marc:datafield tag="515" ind1=" " ind2=" "><marc:subfield code="a">Each volume is cumulative.</marc:subfield></marc:datafield><marc:datafield tag="515" ind1=" " ind2=" "><marc:subfield code="a">&quot;The Treaties and other international acts series begins with the number 1501, the combined numbers in the Treaty series and Executive agreement series having reached 1500, the last number in the Treaty series being 994 and the last number in the Executive agreement series being 506&quot;--No. 1501, t.p. verso.</marc:subfield></marc:datafield><marc:datafield tag="520" ind1=" " ind2=" "><marc:subfield code="a">Provides image and full-text online access to back issues. Consult the online table of contents for specific holdings.</marc:subfield></marc:datafield><marc:datafield tag="533" ind1=" " ind2=" "><marc:subfield code="a">Electronic reproduction.</marc:subfield><marc:subfield code="b">[S.l.] :</marc:subfield><marc:subfield code="c">HathiTrust Digital Library,</marc:subfield><marc:subfield code="d">2010.</marc:subfield><marc:subfield code="5">MiAaHDL</marc:subfield></marc:datafield><marc:datafield tag="538" ind1=" " ind2=" "><marc:subfield code="a">Master and use copy. Digital master created according to Benchmark for Faithful Digital Reproductions of Monographs and Serials, Version 1. Digital Library Federation, December 2002.</marc:subfield><marc:subfield code="u">http://purl.oclc.org/DLF/benchrepro0212</marc:subfield><marc:subfield code="5">MiAaHDL</marc:subfield></marc:datafield><marc:datafield tag="580" ind1=" " ind2=" "><marc:subfield code="a">Formed by the union of: United States. Treaty series, and: United States. Treaties, etc. (Executive agreement series). Executive agreement series.</marc:subfield></marc:datafield><marc:datafield tag="580" ind1=" " ind2=" "><marc:subfield code="a">Cumulated by: United States. Laws, etc. (United States statutes at large). United States statutes at large, 1946-1950, and: United States. Treaties, etc. United States treaties and other international acts series, 1950-1984.</marc:subfield></marc:datafield><marc:datafield tag="583" ind1="1" ind2=" "><marc:subfield code="a">digitized</marc:subfield><marc:subfield code="c">2010</marc:subfield><marc:subfield code="h">HathiTrust Digital Library</marc:subfield><marc:subfield code="l">committed to preserve</marc:subfield><marc:subfield code="2">pda</marc:subfield><marc:subfield code="5">MiAaHDL</marc:subfield></marc:datafield><marc:datafield tag="588" ind1=" " ind2=" "><marc:subfield code="a">Description based on print version record.</marc:subfield></marc:datafield><marc:datafield tag="588" ind1=" " ind2=" "><marc:subfield code="a">Latest issue consulted: 19-711 (July 11, 2019); title from PDF title page (publisher's Web site, viewed on November 8, 2019).</marc:subfield></marc:datafield><marc:datafield tag="651" ind1=" " ind2="0"><marc:subfield code="a">United States</marc:subfield><marc:subfield code="x">Foreign relations</marc:subfield><marc:subfield code="v">Treaties.</marc:subfield></marc:datafield><marc:datafield tag="650" ind1=" " ind2="7"><marc:subfield code="a">Diplomatic relations</marc:subfield><marc:subfield code="2">fast</marc:subfield><marc:subfield code="0">(OCoLC)fst01907412</marc:subfield></marc:datafield><marc:datafield tag="651" ind1=" " ind2="7"><marc:subfield code="a">United States</marc:subfield><marc:subfield code="2">fast</marc:subfield><marc:subfield code="1">https://id.oclc.org/worldcat/entity/E39PBJtxgQXMWqmjMjjwXRHgrq</marc:subfield><marc:subfield code="0">(OCoLC)fst01204155</marc:subfield></marc:datafield><marc:datafield tag="655" ind1=" " ind2="0"><marc:subfield code="a">Electronic journals.</marc:subfield></marc:datafield><marc:datafield tag="655" ind1=" " ind2="7"><marc:subfield code="a">Periodicals</marc:subfield><marc:subfield code="2">fast</marc:subfield><marc:subfield code="0">(OCoLC)fst01411641</marc:subfield></marc:datafield><marc:datafield tag="655" ind1=" " ind2="7"><marc:subfield code="a">Treaties</marc:subfield><marc:subfield code="2">fast</marc:subfield><marc:subfield code="0">(OCoLC)fst01423868</marc:subfield></marc:datafield><marc:datafield tag="655" ind1=" " ind2="7"><marc:subfield code="a">Treaties (Compilations).</marc:subfield><marc:subfield code="2">gtlm</marc:subfield></marc:datafield><marc:datafield tag="655" ind1=" " ind2="7"><marc:subfield code="a">Treaties.</marc:subfield><marc:subfield code="2">lcgft</marc:subfield></marc:datafield><marc:datafield tag="655" ind1=" " ind2="7"><marc:subfield code="a">Traites.</marc:subfield><marc:subfield code="2">rvmgf</marc:subfield><marc:subfield code="0">(CaQQLa)RVMGF-000001440</marc:subfield></marc:datafield><marc:datafield tag="710" ind1="1" ind2=" "><marc:subfield code="a">United States.</marc:subfield><marc:subfield code="b">Department of State.</marc:subfield></marc:datafield><marc:datafield tag="776" ind1="0" ind2="8"><marc:subfield code="i">Print version, 1946-&lt;2006?&gt;: United States.</marc:subfield><marc:subfield code="s">Treaties, etc. (Treaties and other international acts series).</marc:subfield><marc:subfield code="t">Treaties and other international acts series</marc:subfield><marc:subfield code="x">0083-0186</marc:subfield><marc:subfield code="w">(DLC)   46006169</marc:subfield><marc:subfield code="w">(OCoLC)1774183</marc:subfield></marc:datafield><marc:datafield tag="780" ind1="1" ind2="4"><marc:subfield code="a">United States.</marc:subfield><marc:subfield code="t">Treaty series</marc:subfield><marc:subfield code="w">(OCoLC)581630742</marc:subfield></marc:datafield><marc:datafield tag="780" ind1="1" ind2="4"><marc:subfield code="a">United States.</marc:subfield><marc:subfield code="s">Treaties, etc. (Executive agreement series).</marc:subfield><marc:subfield code="t">Executive agreement series</marc:subfield><marc:subfield code="w">(OCoLC)664368242</marc:subfield></marc:datafield><marc:datafield tag="787" ind1="1" ind2=" "><marc:subfield code="a">United States.</marc:subfield><marc:subfield code="s">Laws, etc. (United States statutes at large).</marc:subfield><marc:subfield code="t">United States statutes at large</marc:subfield><marc:subfield code="g">1946-1950</marc:subfield><marc:subfield code="w">(OCoLC)46833237</marc:subfield></marc:datafield><marc:datafield tag="787" ind1="1" ind2=" "><marc:subfield code="a">United States.</marc:subfield><marc:subfield code="s">Treaties, etc. (United States treaties and other international agreements).</marc:subfield><marc:subfield code="t">United States treaties and other international agreements</marc:subfield><marc:subfield code="g">1950-1984</marc:subfield><marc:subfield code="w">(DLC)   53060242</marc:subfield><marc:subfield code="w">(OCoLC)575959935</marc:subfield></marc:datafield><marc:datafield tag="830" ind1=" " ind2="0"><marc:subfield code="a">Department of State publication.</marc:subfield></marc:datafield><marc:datafield tag="856" ind1="4" ind2="0"><marc:subfield code="u">https://purl.fdlp.gov/GPO/gpo127840</marc:subfield><marc:subfield code="7">0</marc:subfield></marc:datafield><marc:datafield tag="856" ind1="4" ind2=" "><marc:subfield code="u">https://www.state.gov/tias/</marc:subfield></marc:datafield><marc:datafield tag="856" ind1="4" ind2="0"><marc:subfield code="3">1982-</marc:subfield><marc:subfield code="u">http://heinonline.org/HOL/Index?index=ustreaties/usttias&amp;collection=ustreaties</marc:subfield></marc:datafield><marc:datafield tag="856" ind1="4" ind2="0"><marc:subfield code="3">HathiTrust Digital Library, Full view</marc:subfield><marc:subfield code="u">http://catalog.hathitrust.org/api/volumes/oclc/1774183.html</marc:subfield></marc:datafield><marc:datafield tag="856" ind1="4" ind2="0"><marc:subfield code="3">U.S. State Department, 1996-</marc:subfield><marc:subfield code="u">http://bibpurl.oclc.org/web/79690</marc:subfield><marc:subfield code="u">https://www.state.gov/tias/</marc:subfield><marc:subfield code="7">0</marc:subfield></marc:datafield><marc:datafield tag="856" ind1="4" ind2=" "><marc:subfield code="u">http://www.heinonline.org/HOL/Index?index=ustreaties/usttias&amp;collection=ustreaties</marc:subfield></marc:datafield><marc:datafield tag="856" ind1="4" ind2=" "><marc:subfield code="3">Google</marc:subfield><marc:subfield code="u">http://books.google.com/books?id=66ejn61gieoC</marc:subfield></marc:datafield><marc:datafield tag="856" ind1="4" ind2=" "><marc:subfield code="3">Google</marc:subfield><marc:subfield code="u">http://books.google.com/books?id=AR3152U6DB0C</marc:subfield></marc:datafield><marc:datafield tag="856" ind1="4" ind2=" "><marc:subfield code="3">Google</marc:subfield><marc:subfield code="u">http://books.google.com/books?id=ncVoGrm8DmMC</marc:subfield></marc:datafield><marc:datafield tag="856" ind1="4" ind2=" "><marc:subfield code="3">Google</marc:subfield><marc:subfield code="u">http://books.google.com/books?id=5DITmHUabdcC</marc:subfield></marc:datafield><marc:datafield tag="856" ind1="4" ind2=" "><marc:subfield code="3">Google</marc:subfield><marc:subfield code="u">http://books.google.com/books?id=b7HnPL_mJfgC</marc:subfield></marc:datafield><marc:datafield tag="856" ind1="4" ind2=" "><marc:subfield code="3">Google</marc:subfield><marc:subfield code="u">http://books.google.com/books?id=D98aRbMtXAsC</marc:subfield></marc:datafield><marc:datafield tag="856" ind1="4" ind2=" "><marc:subfield code="3">Google</marc:subfield><marc:subfield code="u">http://books.google.com/books?id=klyqwpMr60kC</marc:subfield></marc:datafield><marc:datafield tag="856" ind1="4" ind2=" "><marc:subfield code="3">Google</marc:subfield><marc:subfield code="u">http://books.google.com/books?id=BI6zGhIiukEC</marc:subfield></marc:datafield><marc:datafield tag="856" ind1="4" ind2=" "><marc:subfield code="3">Google</marc:subfield><marc:subfield code="u">http://books.google.com/books?id=AYlWAaqOs8sC</marc:subfield></marc:datafield><marc:datafield tag="856" ind1="4" ind2=" "><marc:subfield code="3">Google</marc:subfield><marc:subfield code="u">http://books.google.com/books?id=zwslesyHp5AC</marc:subfield></marc:datafield><marc:datafield tag="856" ind1="4" ind2=" "><marc:subfield code="3">Google</marc:subfield><marc:subfield code="u">http://books.google.com/books?id=xvFRU2JuU4gC</marc:subfield></marc:datafield><marc:datafield tag="856" ind1="4" ind2=" "><marc:subfield code="3">Google</marc:subfield><marc:subfield code="u">http://books.google.com/books?id=51awjtmFshMC</marc:subfield></marc:datafield><marc:datafield tag="856" ind1="4" ind2=" "><marc:subfield code="3">Google</marc:subfield><marc:subfield code="u">http://books.google.com/books?id=2NxNwc904AgC</marc:subfield></marc:datafield><marc:datafield tag="856" ind1="4" ind2=" "><marc:subfield code="3">Google</marc:subfield><marc:subfield code="u">http://books.google.com/books?id=uwriSxLHu-AC</marc:subfield></marc:datafield><marc:datafield tag="856" ind1="4" ind2=" "><marc:subfield code="3">Google</marc:subfield><marc:subfield code="u">http://books.google.com/books?id=p6hcrB1xnRcC</marc:subfield></marc:datafield><marc:datafield tag="856" ind1="4" ind2=" "><marc:subfield code="3">Google</marc:subfield><marc:subfield code="u">http://books.google.com/books?id=6eY7qEKE98IC</marc:subfield></marc:datafield><marc:datafield tag="856" ind1="4" ind2=" "><marc:subfield code="3">Google</marc:subfield><marc:subfield code="u">http://books.google.com/books?id=f-vtzBniD-QC</marc:subfield></marc:datafield><marc:datafield tag="856" ind1="4" ind2=" "><marc:subfield code="3">Google</marc:subfield><marc:subfield code="u">http://books.google.com/books?id=OVjBn0ijYGQC</marc:subfield></marc:datafield><marc:datafield tag="856" ind1="4" ind2=" "><marc:subfield code="3">Google</marc:subfield><marc:subfield code="u">http://books.google.com/books?id=t9RGP_M6av0C</marc:subfield></marc:datafield><marc:datafield tag="856" ind1="4" ind2=" "><marc:subfield code="3">Google</marc:subfield><marc:subfield code="u">http://books.google.com/books?id=8wFV1DebM1EC</marc:subfield></marc:datafield><marc:datafield tag="856" ind1="4" ind2=" "><marc:subfield code="3">Google</marc:subfield><marc:subfield code="u">http://books.google.com/books?id=x1xhpaXxvhUC</marc:subfield></marc:datafield><marc:datafield tag="856" ind1="4" ind2=" "><marc:subfield code="3">Google</marc:subfield><marc:subfield code="u">http://books.google.com/books?id=rabPMMCWiHgC</marc:subfield></marc:datafield><marc:datafield tag="856" ind1="4" ind2=" "><marc:subfield code="3">Google</marc:subfield><marc:subfield code="u">http://books.google.com/books?id=90_Gl3bOiKsC</marc:subfield></marc:datafield><marc:datafield tag="856" ind1="4" ind2=" "><marc:subfield code="3">Google</marc:subfield><marc:subfield code="u">http://books.google.com/books?id=78P4-52iMd0C</marc:subfield></marc:datafield><marc:datafield tag="856" ind1="4" ind2=" "><marc:subfield code="3">Google</marc:subfield><marc:subfield code="u">http://books.google.com/books?id=Ge21fl_rWhwC</marc:subfield></marc:datafield><marc:datafield tag="856" ind1="4" ind2=" "><marc:subfield code="3">Google</marc:subfield><marc:subfield code="u">http://books.google.com/books?id=KfrHuEV5ieAC</marc:subfield></marc:datafield><marc:datafield tag="856" ind1="4" ind2=" "><marc:subfield code="3">Google</marc:subfield><marc:subfield code="u">http://books.google.com/books?id=qPm7M6SzV8sC</marc:subfield></marc:datafield><marc:datafield tag="856" ind1="4" ind2=" "><marc:subfield code="3">Google</marc:subfield><marc:subfield code="u">http://books.google.com/books?id=maJ2PeN8i18C</marc:subfield></marc:datafield><marc:datafield tag="856" ind1="4" ind2=" "><marc:subfield code="3">Google</marc:subfield><marc:subfield code="u">http://books.google.com/books?id=cs5hFRMJKsgC</marc:subfield></marc:datafield><marc:datafield tag="856" ind1="4" ind2=" "><marc:subfield code="3">Google</marc:subfield><marc:subfield code="u">http://books.google.com/books?id=8LqvAYLFNYQC</marc:subfield></marc:datafield><marc:datafield tag="856" ind1="4" ind2=" "><marc:subfield code="3">Google</marc:subfield><marc:subfield code="u">http://books.google.com/books?id=L8HtfT9ZNfwC</marc:subfield></marc:datafield><marc:datafield tag="856" ind1="4" ind2=" "><marc:subfield code="3">Google</marc:subfield><marc:subfield code="u">http://books.google.com/books?id=q-Qp9M2vIMAC</marc:subfield></marc:datafield><marc:datafield tag="856" ind1="4" ind2=" "><marc:subfield code="3">Google</marc:subfield><marc:subfield code="u">http://books.google.com/books?id=MehLac_QJUAC</marc:subfield></marc:datafield><marc:datafield tag="856" ind1="4" ind2=" "><marc:subfield code="3">Google</marc:subfield><marc:subfield code="u">http://books.google.com/books?id=t0YoZV5niWEC</marc:subfield></marc:datafield><marc:datafield tag="856" ind1="4" ind2=" "><marc:subfield code="3">Google</marc:subfield><marc:subfield code="u">http://books.google.com/books?id=u8MZboVr00cC</marc:subfield></marc:datafield><marc:datafield tag="856" ind1="4" ind2=" "><marc:subfield code="3">Google</marc:subfield><marc:subfield code="u">http://books.google.com/books?id=bolfzMwys48C</marc:subfield></marc:datafield><marc:datafield tag="856" ind1="4" ind2=" "><marc:subfield code="3">Google</marc:subfield><marc:subfield code="u">http://books.google.com/books?id=0pKfHxV3hScC</marc:subfield></marc:datafield><marc:datafield tag="856" ind1="4" ind2=" "><marc:subfield code="3">Google</marc:subfield><marc:subfield code="u">http://books.google.com/books?id=s98Dj6tbEz0C</marc:subfield></marc:datafield><marc:datafield tag="856" ind1="4" ind2=" "><marc:subfield code="3">Google</marc:subfield><marc:subfield code="u">http://books.google.com/books?id=78nb94Dx148C</marc:subfield></marc:datafield><marc:datafield tag="856" ind1="4" ind2=" "><marc:subfield code="3">Google</marc:subfield><marc:subfield code="u">http://books.google.com/books?id=xJHv9kUYzcQC</marc:subfield></marc:datafield><marc:datafield tag="856" ind1="4" ind2=" "><marc:subfield code="3">Google</marc:subfield><marc:subfield code="u">http://books.google.com/books?id=IlSryuczYSkC</marc:subfield></marc:datafield><marc:datafield tag="856" ind1="4" ind2=" "><marc:subfield code="3">Google</marc:subfield><marc:subfield code="u">http://books.google.com/books?id=Muwupua-nm8C</marc:subfield></marc:datafield><marc:datafield tag="856" ind1="4" ind2=" "><marc:subfield code="3">Google</marc:subfield><marc:subfield code="u">http://books.google.com/books?id=JyIbIyDMcrkC</marc:subfield></marc:datafield><marc:datafield tag="856" ind1="4" ind2=" "><marc:subfield code="3">Google</marc:subfield><marc:subfield code="u">http://books.google.com/books?id=uO4l02ibp48C</marc:subfield></marc:datafield><marc:datafield tag="856" ind1="4" ind2=" "><marc:subfield code="3">Google</marc:subfield><marc:subfield code="u">http://books.google.com/books?id=VzxUOl82DkQC</marc:subfield></marc:datafield><marc:datafield tag="856" ind1="4" ind2=" "><marc:subfield code="3">Google</marc:subfield><marc:subfield code="u">http://books.google.com/books?id=cZgF9lu1guEC</marc:subfield></marc:datafield><marc:datafield tag="856" ind1="4" ind2=" "><marc:subfield code="3">Google</marc:subfield><marc:subfield code="u">http://books.google.com/books?id=r9G7V_ZcmucC</marc:subfield></marc:datafield><marc:datafield tag="856" ind1="4" ind2=" "><marc:subfield code="3">Google</marc:subfield><marc:subfield code="u">http://books.google.com/books?id=SjgsHkwOzXIC</marc:subfield></marc:datafield><marc:datafield tag="856" ind1="4" ind2=" "><marc:subfield code="3">Google</marc:subfield><marc:subfield code="u">http://books.google.com/books?id=oScXYybw1SUC</marc:subfield></marc:datafield><marc:datafield tag="856" ind1="4" ind2=" "><marc:subfield code="3">Google</marc:subfield><marc:subfield code="u">http://books.google.com/books?id=RsSjtlWuLFgC</marc:subfield></marc:datafield><marc:datafield tag="856" ind1="4" ind2=" "><marc:subfield code="3">Google</marc:subfield><marc:subfield code="u">http://books.google.com/books?id=UCcY9-S-cXEC</marc:subfield></marc:datafield><marc:datafield tag="856" ind1="4" ind2=" "><marc:subfield code="3">Google</marc:subfield><marc:subfield code="u">http://books.google.com/books?id=N5P9RleYp2gC</marc:subfield></marc:datafield><marc:datafield tag="856" ind1="4" ind2=" "><marc:subfield code="3">Google</marc:subfield><marc:subfield code="u">http://books.google.com/books?id=6u-6Ol34E1EC</marc:subfield></marc:datafield><marc:datafield tag="856" ind1="4" ind2=" "><marc:subfield code="3">Google</marc:subfield><marc:subfield code="u">http://books.google.com/books?id=9oHF4ZZtm7YC</marc:subfield></marc:datafield><marc:datafield tag="856" ind1="4" ind2=" "><marc:subfield code="3">Google</marc:subfield><marc:subfield code="u">http://books.google.com/books?id=8azigSj-Vf8C</marc:subfield></marc:datafield><marc:datafield tag="856" ind1="4" ind2=" "><marc:subfield code="3">Google</marc:subfield><marc:subfield code="u">http://books.google.com/books?id=l1sFChZSrFsC</marc:subfield></marc:datafield><marc:datafield tag="856" ind1="4" ind2=" "><marc:subfield code="3">Google</marc:subfield><marc:subfield code="u">http://books.google.com/books?id=KeZ39UhogB0C</marc:subfield></marc:datafield><marc:datafield tag="856" ind1="4" ind2=" "><marc:subfield code="3">Google</marc:subfield><marc:subfield code="u">http://books.google.com/books?id=5I3LmK_jw7gC</marc:subfield></marc:datafield><marc:datafield tag="856" ind1="4" ind2=" "><marc:subfield code="3">Google</marc:subfield><marc:subfield code="u">http://books.google.com/books?id=w3aLdtss6zsC</marc:subfield></marc:datafield><marc:datafield tag="856" ind1="4" ind2=" "><marc:subfield code="3">Google</marc:subfield><marc:subfield code="u">http://books.google.com/books?id=YwleXgl00VsC</marc:subfield></marc:datafield><marc:datafield tag="856" ind1="4" ind2=" "><marc:subfield code="3">Google</marc:subfield><marc:subfield code="u">http://books.google.com/books?id=RQ6TxRzffmUC</marc:subfield></marc:datafield><marc:datafield tag="856" ind1="4" ind2=" "><marc:subfield code="3">Google</marc:subfield><marc:subfield code="u">http://books.google.com/books?id=6UGIoHs8j_wC</marc:subfield></marc:datafield><marc:datafield tag="856" ind1="4" ind2=" "><marc:subfield code="3">Google</marc:subfield><marc:subfield code="u">http://books.google.com/books?id=wzR5M9QGYFkC</marc:subfield></marc:datafield><marc:datafield tag="856" ind1="4" ind2=" "><marc:subfield code="3">Google</marc:subfield><marc:subfield code="u">http://books.google.com/books?id=1Fnfn36K74AC</marc:subfield></marc:datafield><marc:datafield tag="856" ind1="4" ind2=" "><marc:subfield code="3">Google</marc:subfield><marc:subfield code="u">http://books.google.com/books?id=l7JZEYXwhMQC</marc:subfield></marc:datafield><marc:datafield tag="856" ind1="4" ind2=" "><marc:subfield code="3">Google</marc:subfield><marc:subfield code="u">http://books.google.com/books?id=KfbbYj-t0awC</marc:subfield></marc:datafield><marc:datafield tag="856" ind1="4" ind2=" "><marc:subfield code="3">Google</marc:subfield><marc:subfield code="u">http://books.google.com/books?id=EiAY6mZfUgUC</marc:subfield></marc:datafield><marc:datafield tag="856" ind1="4" ind2=" "><marc:subfield code="3">Google</marc:subfield><marc:subfield code="u">http://books.google.com/books?id=3Ddp3beT4ngC</marc:subfield></marc:datafield><marc:datafield tag="856" ind1="4" ind2=" "><marc:subfield code="3">Google</marc:subfield><marc:subfield code="u">http://books.google.com/books?id=H5O6B2XX6z4C</marc:subfield></marc:datafield><marc:datafield tag="856" ind1="4" ind2=" "><marc:subfield code="3">Google</marc:subfield><marc:subfield code="u">http://books.google.com/books?id=2irRb_p8uhwC</marc:subfield></marc:datafield><marc:datafield tag="856" ind1="4" ind2=" "><marc:subfield code="3">Google</marc:subfield><marc:subfield code="u">http://books.google.com/books?id=YeSkkAxaiC0C</marc:subfield></marc:datafield><marc:datafield tag="856" ind1="4" ind2=" "><marc:subfield code="3">Google</marc:subfield><marc:subfield code="u">http://books.google.com/books?id=OYgvkIggwpIC</marc:subfield></marc:datafield><marc:datafield tag="856" ind1="4" ind2=" "><marc:subfield code="3">Google</marc:subfield><marc:subfield code="u">http://books.google.com/books?id=63XUcSJuKsgC</marc:subfield></marc:datafield><marc:datafield tag="856" ind1="4" ind2=" "><marc:subfield code="3">Google</marc:subfield><marc:subfield code="u">http://books.google.com/books?id=iYnL_tRHuyUC</marc:subfield></marc:datafield><marc:datafield tag="856" ind1="4" ind2=" "><marc:subfield code="3">Google</marc:subfield><marc:subfield code="u">http://books.google.com/books?id=ALKZVFJgDu8C</marc:subfield></marc:datafield><marc:datafield tag="856" ind1="4" ind2=" "><marc:subfield code="3">Google</marc:subfield><marc:subfield code="u">http://books.google.com/books?id=P9RrDaCz_SsC</marc:subfield></marc:datafield><marc:datafield tag="856" ind1="4" ind2=" "><marc:subfield code="3">Google</marc:subfield><marc:subfield code="u">http://books.google.com/books?id=T630VbnRK-oC</marc:subfield></marc:datafield><marc:datafield tag="856" ind1="4" ind2=" "><marc:subfield code="3">Google</marc:subfield><marc:subfield code="u">http://books.google.com/books?id=CzyVPHF86MIC</marc:subfield></marc:datafield><marc:datafield tag="856" ind1="4" ind2=" "><marc:subfield code="3">Google</marc:subfield><marc:subfield code="u">http://books.google.com/books?id=Jod0iK3M57kC</marc:subfield></marc:datafield><marc:datafield tag="856" ind1="4" ind2=" "><marc:subfield code="3">Google</marc:subfield><marc:subfield code="u">http://books.google.com/books?id=XDWE_Io2VJkC</marc:subfield></marc:datafield><marc:datafield tag="856" ind1="4" ind2=" "><marc:subfield code="3">Google</marc:subfield><marc:subfield code="u">http://books.google.com/books?id=HSWYJReQ9gcC</marc:subfield></marc:datafield><marc:datafield tag="856" ind1="4" ind2=" "><marc:subfield code="3">Google</marc:subfield><marc:subfield code="u">http://books.google.com/books?id=0rUUjXcEHqwC</marc:subfield></marc:datafield><marc:datafield tag="856" ind1="4" ind2=" "><marc:subfield code="3">Google</marc:subfield><marc:subfield code="u">http://books.google.com/books?id=Z-4sgyj2Tc0C</marc:subfield></marc:datafield><marc:datafield tag="856" ind1="4" ind2=" "><marc:subfield code="3">Google</marc:subfield><marc:subfield code="u">http://books.google.com/books?id=1ztranLVycQC</marc:subfield></marc:datafield><marc:datafield tag="856" ind1="4" ind2=" "><marc:subfield code="3">Google</marc:subfield><marc:subfield code="u">http://books.google.com/books?id=d1inZl6d51YC</marc:subfield></marc:datafield><marc:datafield tag="856" ind1="4" ind2=" "><marc:subfield code="3">Google</marc:subfield><marc:subfield code="u">http://books.google.com/books?id=8hLeDbGToNIC</marc:subfield></marc:datafield><marc:datafield tag="856" ind1="4" ind2=" "><marc:subfield code="3">Google</marc:subfield><marc:subfield code="u">http://books.google.com/books?id=yPSSiZxrsy8C</marc:subfield></marc:datafield><marc:datafield tag="856" ind1="4" ind2=" "><marc:subfield code="3">Google</marc:subfield><marc:subfield code="u">http://books.google.com/books?id=yrcJwuUYUOsC</marc:subfield></marc:datafield><marc:datafield tag="856" ind1="4" ind2=" "><marc:subfield code="3">Google</marc:subfield><marc:subfield code="u">http://books.google.com/books?id=2qgpalsEPlcC</marc:subfield></marc:datafield><marc:datafield tag="856" ind1="4" ind2=" "><marc:subfield code="3">Google</marc:subfield><marc:subfield code="u">http://books.google.com/books?id=lUHiMW0Y0H0C</marc:subfield></marc:datafield><marc:datafield tag="856" ind1="4" ind2=" "><marc:subfield code="3">Google</marc:subfield><marc:subfield code="u">http://books.google.com/books?id=MUnhjeIUzfgC</marc:subfield></marc:datafield><marc:datafield tag="856" ind1="4" ind2=" "><marc:subfield code="3">Google</marc:subfield><marc:subfield code="u">http://books.google.com/books?id=Kq486sWgbyoC</marc:subfield></marc:datafield><marc:datafield tag="856" ind1="4" ind2=" "><marc:subfield code="3">Google</marc:subfield><marc:subfield code="u">http://books.google.com/books?id=0fhr3WCZxpMC</marc:subfield></marc:datafield><marc:datafield tag="856" ind1="4" ind2=" "><marc:subfield code="3">Google</marc:subfield><marc:subfield code="u">http://books.google.com/books?id=IkiTsiHle8kC</marc:subfield></marc:datafield><marc:datafield tag="856" ind1="4" ind2=" "><marc:subfield code="3">Google</marc:subfield><marc:subfield code="u">http://books.google.com/books?id=Jg2vfsQAeiIC</marc:subfield></marc:datafield><marc:datafield tag="856" ind1="4" ind2=" "><marc:subfield code="3">Google</marc:subfield><marc:subfield code="u">http://books.google.com/books?id=ubIW233aRqQC</marc:subfield></marc:datafield><marc:datafield tag="856" ind1="4" ind2=" "><marc:subfield code="3">Google</marc:subfield><marc:subfield code="u">http://books.google.com/books?id=jieelxRftOoC</marc:subfield></marc:datafield><marc:datafield tag="856" ind1="4" ind2=" "><marc:subfield code="3">Google</marc:subfield><marc:subfield code="u">http://books.google.com/books?id=l7VY9BFyrQkC</marc:subfield></marc:datafield><marc:datafield tag="856" ind1="4" ind2=" "><marc:subfield code="3">Google</marc:subfield><marc:subfield code="u">http://books.google.com/books?id=jRZ_JmqvGhQC</marc:subfield></marc:datafield><marc:datafield tag="856" ind1="4" ind2=" "><marc:subfield code="3">Google</marc:subfield><marc:subfield code="u">http://books.google.com/books?id=HEiC4JrCDawC</marc:subfield></marc:datafield><marc:datafield tag="856" ind1="4" ind2=" "><marc:subfield code="3">Google</marc:subfield><marc:subfield code="u">http://books.google.com/books?id=ZLyY0mheL8oC</marc:subfield></marc:datafield><marc:datafield tag="856" ind1="4" ind2=" "><marc:subfield code="3">Google</marc:subfield><marc:subfield code="u">http://books.google.com/books?id=g7ZTm8FLZ4YC</marc:subfield></marc:datafield><marc:datafield tag="856" ind1="4" ind2=" "><marc:subfield code="3">Google</marc:subfield><marc:subfield code="u">http://books.google.com/books?id=mKLpw3BzyVQC</marc:subfield></marc:datafield><marc:datafield tag="856" ind1="4" ind2=" "><marc:subfield code="3">Google</marc:subfield><marc:subfield code="u">http://books.google.com/books?id=8ulaKNlqXAAC</marc:subfield></marc:datafield><marc:datafield tag="856" ind1="4" ind2=" "><marc:subfield code="3">Google</marc:subfield><marc:subfield code="u">http://books.google.com/books?id=WpdcMWtSjs4C</marc:subfield></marc:datafield><marc:datafield tag="856" ind1="4" ind2=" "><marc:subfield code="3">Google</marc:subfield><marc:subfield code="u">http://books.google.com/books?id=OqMZ0jZc89cC</marc:subfield></marc:datafield><marc:datafield tag="856" ind1="4" ind2=" "><marc:subfield code="3">Google</marc:subfield><marc:subfield code="u">http://books.google.com/books?id=zoEQO80ljBcC</marc:subfield></marc:datafield><marc:datafield tag="856" ind1="4" ind2=" "><marc:subfield code="3">Google</marc:subfield><marc:subfield code="u">http://books.google.com/books?id=VRtReYqux9UC</marc:subfield></marc:datafield><marc:datafield tag="856" ind1="4" ind2=" "><marc:subfield code="3">Google</marc:subfield><marc:subfield code="u">http://books.google.com/books?id=PaJb9mp0SOcC</marc:subfield></marc:datafield><marc:datafield tag="856" ind1="4" ind2=" "><marc:subfield code="3">Google</marc:subfield><marc:subfield code="u">http://books.google.com/books?id=AyDq79cKx8oC</marc:subfield></marc:datafield><marc:datafield tag="856" ind1="4" ind2=" "><marc:subfield code="3">Google</marc:subfield><marc:subfield code="u">http://books.google.com/books?id=PQiKTLR2_TsC</marc:subfield></marc:datafield><marc:datafield tag="856" ind1="4" ind2=" "><marc:subfield code="3">Google</marc:subfield><marc:subfield code="u">http://books.google.com/books?id=eG7v7HtR2YAC</marc:subfield></marc:datafield><marc:datafield tag="856" ind1="4" ind2=" "><marc:subfield code="3">Google</marc:subfield><marc:subfield code="u">http://books.google.com/books?id=jM9-5cNZQaoC</marc:subfield></marc:datafield><marc:datafield tag="856" ind1="4" ind2=" "><marc:subfield code="3">Google</marc:subfield><marc:subfield code="u">http://books.google.com/books?id=l53hLj77QocC</marc:subfield></marc:datafield><marc:datafield tag="856" ind1="4" ind2=" "><marc:subfield code="3">Google</marc:subfield><marc:subfield code="u">http://books.google.com/books?id=YahUxok2rwUC</marc:subfield></marc:datafield><marc:datafield tag="856" ind1="4" ind2=" "><marc:subfield code="3">Google</marc:subfield><marc:subfield code="u">http://books.google.com/books?id=r8RroE-2YngC</marc:subfield></marc:datafield><marc:datafield tag="856" ind1="4" ind2=" "><marc:subfield code="3">Google</marc:subfield><marc:subfield code="u">http://books.google.com/books?id=djGBveM-MvIC</marc:subfield></marc:datafield><marc:datafield tag="856" ind1="4" ind2=" "><marc:subfield code="3">Google</marc:subfield><marc:subfield code="u">http://books.google.com/books?id=zUheQCy1NaAC</marc:subfield></marc:datafield><marc:datafield tag="856" ind1="4" ind2=" "><marc:subfield code="3">Google</marc:subfield><marc:subfield code="u">http://books.google.com/books?id=gc39dHTCnnQC</marc:subfield></marc:datafield><marc:datafield tag="856" ind1="4" ind2=" "><marc:subfield code="3">Google</marc:subfield><marc:subfield code="u">http://books.google.com/books?id=hF_c3udGB88C</marc:subfield></marc:datafield><marc:datafield tag="856" ind1="4" ind2=" "><marc:subfield code="3">Google</marc:subfield><marc:subfield code="u">http://books.google.com/books?id=xDPtRBw9900C</marc:subfield></marc:datafield><marc:datafield tag="856" ind1="4" ind2=" "><marc:subfield code="3">Google</marc:subfield><marc:subfield code="u">http://books.google.com/books?id=2KLqHR3l9nAC</marc:subfield></marc:datafield><marc:datafield tag="856" ind1="4" ind2=" "><marc:subfield code="3">Google</marc:subfield><marc:subfield code="u">http://books.google.com/books?id=uAkFQ-s3TwMC</marc:subfield></marc:datafield><marc:datafield tag="856" ind1="4" ind2=" "><marc:subfield code="3">Google</marc:subfield><marc:subfield code="u">http://books.google.com/books?id=8LSX1pNhKp0C</marc:subfield></marc:datafield><marc:datafield tag="856" ind1="4" ind2=" "><marc:subfield code="3">Google</marc:subfield><marc:subfield code="u">http://books.google.com/books?id=NQSXb0d8fWAC</marc:subfield></marc:datafield><marc:datafield tag="856" ind1="4" ind2=" "><marc:subfield code="3">Google</marc:subfield><marc:subfield code="u">http://books.google.com/books?id=n7GClXJcrKUC</marc:subfield></marc:datafield><marc:datafield tag="856" ind1="4" ind2=" "><marc:subfield code="3">Google</marc:subfield><marc:subfield code="u">http://books.google.com/books?id=FnsODAvOgwIC</marc:subfield></marc:datafield><marc:datafield tag="856" ind1="4" ind2=" "><marc:subfield code="3">Google</marc:subfield><marc:subfield code="u">http://books.google.com/books?id=ka9msR_RyZ8C</marc:subfield></marc:datafield><marc:datafield tag="856" ind1="4" ind2=" "><marc:subfield code="3">Google</marc:subfield><marc:subfield code="u">http://books.google.com/books?id=OeTe6CGFo7EC</marc:subfield></marc:datafield><marc:datafield tag="856" ind1="4" ind2=" "><marc:subfield code="3">Google</marc:subfield><marc:subfield code="u">http://books.google.com/books?id=GWiXglz1x0MC</marc:subfield></marc:datafield><marc:datafield tag="856" ind1="4" ind2=" "><marc:subfield code="3">Google</marc:subfield><marc:subfield code="u">http://books.google.com/books?id=bQ1d63GPrm0C</marc:subfield></marc:datafield><marc:datafield tag="856" ind1="4" ind2=" "><marc:subfield code="3">Google</marc:subfield><marc:subfield code="u">http://books.google.com/books?id=pDZW730J1EEC</marc:subfield></marc:datafield><marc:datafield tag="856" ind1="4" ind2=" "><marc:subfield code="3">Google</marc:subfield><marc:subfield code="u">http://books.google.com/books?id=OHzAbcLoKpIC</marc:subfield></marc:datafield><marc:datafield tag="856" ind1="4" ind2=" "><marc:subfield code="3">Google</marc:subfield><marc:subfield code="u">http://books.google.com/books?id=Y09yC7a6Bm0C</marc:subfield></marc:datafield><marc:datafield tag="856" ind1="4" ind2=" "><marc:subfield code="3">Google</marc:subfield><marc:subfield code="u">http://books.google.com/books?id=JbRCs5dzSB0C</marc:subfield></marc:datafield><marc:datafield tag="856" ind1="4" ind2=" "><marc:subfield code="3">Google</marc:subfield><marc:subfield code="u">http://books.google.com/books?id=wFhInlzKoG4C</marc:subfield></marc:datafield><marc:datafield tag="856" ind1="4" ind2=" "><marc:subfield code="3">Google</marc:subfield><marc:subfield code="u">http://books.google.com/books?id=4Ceoywe2k0gC</marc:subfield></marc:datafield><marc:datafield tag="856" ind1="4" ind2=" "><marc:subfield code="3">Google</marc:subfield><marc:subfield code="u">http://books.google.com/books?id=Oy1q-YRO_TYC</marc:subfield></marc:datafield><marc:datafield tag="856" ind1="4" ind2=" "><marc:subfield code="3">Google</marc:subfield><marc:subfield code="u">http://books.google.com/books?id=kzMd9xRFwhoC</marc:subfield></marc:datafield><marc:datafield tag="856" ind1="4" ind2=" "><marc:subfield code="3">Google</marc:subfield><marc:subfield code="u">http://books.google.com/books?id=seScQCcQnScC</marc:subfield></marc:datafield><marc:datafield tag="856" ind1="4" ind2=" "><marc:subfield code="3">Google</marc:subfield><marc:subfield code="u">http://books.google.com/books?id=P9qt3pufslcC</marc:subfield></marc:datafield><marc:datafield tag="856" ind1="4" ind2=" "><marc:subfield code="3">Google</marc:subfield><marc:subfield code="u">http://books.google.com/books?id=qoAC9qJ0FU4C</marc:subfield></marc:datafield><marc:datafield tag="856" ind1="4" ind2=" "><marc:subfield code="3">Google</marc:subfield><marc:subfield code="u">http://books.google.com/books?id=XoG8D7s8Y4EC</marc:subfield></marc:datafield><marc:datafield tag="856" ind1="4" ind2=" "><marc:subfield code="3">Google</marc:subfield><marc:subfield code="u">http://books.google.com/books?id=ybOhofimFZYC</marc:subfield></marc:datafield><marc:datafield tag="856" ind1="4" ind2=" "><marc:subfield code="3">Google</marc:subfield><marc:subfield code="u">http://books.google.com/books?id=vycec7XKwHwC</marc:subfield></marc:datafield><marc:datafield tag="856" ind1="4" ind2=" "><marc:subfield code="3">Google</marc:subfield><marc:subfield code="u">http://books.google.com/books?id=Fbi6PVt2ibwC</marc:subfield></marc:datafield><marc:datafield tag="856" ind1="4" ind2=" "><marc:subfield code="3">Google</marc:subfield><marc:subfield code="u">http://books.google.com/books?id=KQ6NT7LDAVIC</marc:subfield></marc:datafield><marc:datafield tag="856" ind1="4" ind2=" "><marc:subfield code="3">Google</marc:subfield><marc:subfield code="u">http://books.google.com/books?id=CWyv-sNnLSwC</marc:subfield></marc:datafield><marc:datafield tag="856" ind1="4" ind2=" "><marc:subfield code="3">Google</marc:subfield><marc:subfield code="u">http://books.google.com/books?id=ypJLqzILfmUC</marc:subfield></marc:datafield><marc:datafield tag="856" ind1="4" ind2=" "><marc:subfield code="3">Google</marc:subfield><marc:subfield code="u">http://books.google.com/books?id=w-qKOJhu8vYC</marc:subfield></marc:datafield><marc:datafield tag="856" ind1="4" ind2=" "><marc:subfield code="3">Google</marc:subfield><marc:subfield code="u">http://books.google.com/books?id=6wanznl_Y2IC</marc:subfield></marc:datafield><marc:datafield tag="856" ind1="4" ind2=" "><marc:subfield code="3">Google</marc:subfield><marc:subfield code="u">http://books.google.com/books?id=67qfTEsqWK8C</marc:subfield></marc:datafield><marc:datafield tag="856" ind1="4" ind2=" "><marc:subfield code="3">Google</marc:subfield><marc:subfield code="u">http://books.google.com/books?id=0ln4_I25DH4C</marc:subfield></marc:datafield><marc:datafield tag="856" ind1="4" ind2=" "><marc:subfield code="3">Google</marc:subfield><marc:subfield code="u">http://books.google.com/books?id=Ip6YmveEn5IC</marc:subfield></marc:datafield><marc:datafield tag="856" ind1="4" ind2=" "><marc:subfield code="3">Google</marc:subfield><marc:subfield code="u">http://books.google.com/books?id=y7dYQTgoVRcC</marc:subfield></marc:datafield><marc:datafield tag="856" ind1="4" ind2=" "><marc:subfield code="3">Google</marc:subfield><marc:subfield code="u">http://books.google.com/books?id=aKHHUN3IFRIC</marc:subfield></marc:datafield><marc:datafield tag="856" ind1="4" ind2=" "><marc:subfield code="3">Google</marc:subfield><marc:subfield code="u">http://books.google.com/books?id=PQ2omvILkIoC</marc:subfield></marc:datafield><marc:datafield tag="856" ind1="4" ind2=" "><marc:subfield code="3">Google</marc:subfield><marc:subfield code="u">http://books.google.com/books?id=03vUvXNO1yoC</marc:subfield></marc:datafield><marc:datafield tag="856" ind1="4" ind2=" "><marc:subfield code="3">Google</marc:subfield><marc:subfield code="u">http://books.google.com/books?id=zYaELE_l7qMC</marc:subfield></marc:datafield><marc:datafield tag="856" ind1="4" ind2=" "><marc:subfield code="3">Google</marc:subfield><marc:subfield code="u">http://books.google.com/books?id=T01vx8p-SpsC</marc:subfield></marc:datafield><marc:datafield tag="856" ind1="4" ind2=" "><marc:subfield code="3">Google</marc:subfield><marc:subfield code="u">http://books.google.com/books?id=VL7h5WFlBbMC</marc:subfield></marc:datafield><marc:datafield tag="856" ind1="4" ind2=" "><marc:subfield code="3">Google</marc:subfield><marc:subfield code="u">http://books.google.com/books?id=fftUE8vRzGIC</marc:subfield></marc:datafield><marc:datafield tag="856" ind1="4" ind2=" "><marc:subfield code="3">Google</marc:subfield><marc:subfield code="u">http://books.google.com/books?id=i2G5fKhLkbEC</marc:subfield></marc:datafield><marc:datafield tag="856" ind1="4" ind2=" "><marc:subfield code="3">Google</marc:subfield><marc:subfield code="u">http://books.google.com/books?id=yQpfQGYX0mgC</marc:subfield></marc:datafield><marc:datafield tag="856" ind1="4" ind2=" "><marc:subfield code="3">Google</marc:subfield><marc:subfield code="u">http://books.google.com/books?id=UjxL_MUsg40C</marc:subfield></marc:datafield><marc:datafield tag="856" ind1="4" ind2=" "><marc:subfield code="3">Google</marc:subfield><marc:subfield code="u">http://books.google.com/books?id=3oDqHkHd2gcC</marc:subfield></marc:datafield><marc:datafield tag="856" ind1="4" ind2=" "><marc:subfield code="3">Google</marc:subfield><marc:subfield code="u">http://books.google.com/books?id=qoukh1V9yHwC</marc:subfield></marc:datafield><marc:datafield tag="856" ind1="4" ind2=" "><marc:subfield code="3">Google</marc:subfield><marc:subfield code="u">http://books.google.com/books?id=psp2Mw5aRncC</marc:subfield></marc:datafield><marc:datafield tag="856" ind1="4" ind2=" "><marc:subfield code="3">Google</marc:subfield><marc:subfield code="u">http://books.google.com/books?id=U-d2xrvdQasC</marc:subfield></marc:datafield><marc:datafield tag="856" ind1="4" ind2=" "><marc:subfield code="3">Google</marc:subfield><marc:subfield code="u">http://books.google.com/books?id=3x59dRpwpwQC</marc:subfield></marc:datafield><marc:datafield tag="856" ind1="4" ind2=" "><marc:subfield code="3">Google</marc:subfield><marc:subfield code="u">http://books.google.com/books?id=SnqW4JtqfEUC</marc:subfield></marc:datafield><marc:datafield tag="856" ind1="4" ind2=" "><marc:subfield code="3">Google</marc:subfield><marc:subfield code="u">http://books.google.com/books?id=M5dIqfFe30cC</marc:subfield></marc:datafield><marc:datafield tag="856" ind1="4" ind2=" "><marc:subfield code="3">Google</marc:subfield><marc:subfield code="u">http://books.google.com/books?id=7j01rvnlzJAC</marc:subfield></marc:datafield><marc:datafield tag="856" ind1="4" ind2=" "><marc:subfield code="3">Google</marc:subfield><marc:subfield code="u">http://books.google.com/books?id=Xh9jsEfvHxEC</marc:subfield></marc:datafield><marc:datafield tag="856" ind1="4" ind2=" "><marc:subfield code="3">Google</marc:subfield><marc:subfield code="u">http://books.google.com/books?id=bG4LpfnP7Y0C</marc:subfield></marc:datafield><marc:datafield tag="856" ind1="4" ind2=" "><marc:subfield code="3">Google</marc:subfield><marc:subfield code="u">http://books.google.com/books?id=aojpWCSxkzIC</marc:subfield></marc:datafield><marc:datafield tag="856" ind1="4" ind2=" "><marc:subfield code="3">Google</marc:subfield><marc:subfield code="u">http://books.google.com/books?id=QNe1B3HLm6oC</marc:subfield></marc:datafield><marc:datafield tag="856" ind1="4" ind2=" "><marc:subfield code="3">Google</marc:subfield><marc:subfield code="u">http://books.google.com/books?id=SPzMNZQX7ZkC</marc:subfield></marc:datafield><marc:datafield tag="856" ind1="4" ind2=" "><marc:subfield code="3">Google</marc:subfield><marc:subfield code="u">http://books.google.com/books?id=bjIl8oM5CHQC</marc:subfield></marc:datafield><marc:datafield tag="856" ind1="4" ind2=" "><marc:subfield code="3">Google</marc:subfield><marc:subfield code="u">http://books.google.com/books?id=kFOLjunXEO8C</marc:subfield></marc:datafield><marc:datafield tag="856" ind1="4" ind2=" "><marc:subfield code="3">Google</marc:subfield><marc:subfield code="u">http://books.google.com/books?id=gmpQV6AZ9mAC</marc:subfield></marc:datafield><marc:datafield tag="856" ind1="4" ind2=" "><marc:subfield code="3">Google</marc:subfield><marc:subfield code="u">http://books.google.com/books?id=8Qdq3J4B1QsC</marc:subfield></marc:datafield><marc:datafield tag="856" ind1="4" ind2=" "><marc:subfield code="3">Google</marc:subfield><marc:subfield code="u">http://books.google.com/books?id=6iBeVHN3PfUC</marc:subfield></marc:datafield><marc:datafield tag="856" ind1="4" ind2=" "><marc:subfield code="3">Google</marc:subfield><marc:subfield code="u">http://books.google.com/books?id=0F6t-MxxgOAC</marc:subfield></marc:datafield><marc:datafield tag="856" ind1="4" ind2=" "><marc:subfield code="3">Google</marc:subfield><marc:subfield code="u">http://books.google.com/books?id=OKB65jYiP5QC</marc:subfield></marc:datafield><marc:datafield tag="856" ind1="4" ind2=" "><marc:subfield code="3">Google</marc:subfield><marc:subfield code="u">http://books.google.com/books?id=BCBm_3_pmrkC</marc:subfield></marc:datafield><marc:datafield tag="856" ind1="4" ind2=" "><marc:subfield code="3">Google</marc:subfield><marc:subfield code="u">http://books.google.com/books?id=BLcLRUYWKaUC</marc:subfield></marc:datafield><marc:datafield tag="856" ind1="4" ind2=" "><marc:subfield code="3">Google</marc:subfield><marc:subfield code="u">http://books.google.com/books?id=DbEEluCsxW4C</marc:subfield></marc:datafield><marc:datafield tag="856" ind1="4" ind2=" "><marc:subfield code="3">Google</marc:subfield><marc:subfield code="u">http://books.google.com/books?id=ktGmPnljSKkC</marc:subfield></marc:datafield><marc:datafield tag="856" ind1="4" ind2=" "><marc:subfield code="3">Google</marc:subfield><marc:subfield code="u">http://books.google.com/books?id=zdmyx1E7NAgC</marc:subfield></marc:datafield><marc:datafield tag="856" ind1="4" ind2=" "><marc:subfield code="3">Google</marc:subfield><marc:subfield code="u">http://books.google.com/books?id=hFpd8jpim_0C</marc:subfield></marc:datafield><marc:datafield tag="856" ind1="4" ind2=" "><marc:subfield code="3">Google</marc:subfield><marc:subfield code="u">http://books.google.com/books?id=g286NJWf4XsC</marc:subfield></marc:datafield><marc:datafield tag="856" ind1="4" ind2=" "><marc:subfield code="3">Google</marc:subfield><marc:subfield code="u">http://books.google.com/books?id=mDBITNtESGMC</marc:subfield></marc:datafield><marc:datafield tag="856" ind1="4" ind2=" "><marc:subfield code="3">Google</marc:subfield><marc:subfield code="u">http://books.google.com/books?id=WTQBrOQjy2kC</marc:subfield></marc:datafield><marc:datafield tag="856" ind1="4" ind2=" "><marc:subfield code="3">Google</marc:subfield><marc:subfield code="u">http://books.google.com/books?id=bYud8-DhiMIC</marc:subfield></marc:datafield><marc:datafield tag="856" ind1="4" ind2=" "><marc:subfield code="3">Google</marc:subfield><marc:subfield code="u">http://books.google.com/books?id=4qQoCOTWI-EC</marc:subfield></marc:datafield><marc:datafield tag="856" ind1="4" ind2=" "><marc:subfield code="3">Google</marc:subfield><marc:subfield code="u">http://books.google.com/books?id=_CEASC9ghY4C</marc:subfield></marc:datafield><marc:datafield tag="856" ind1="4" ind2=" "><marc:subfield code="3">Google</marc:subfield><marc:subfield code="u">http://books.google.com/books?id=MBivqd6x-MUC</marc:subfield></marc:datafield><marc:datafield tag="856" ind1="4" ind2=" "><marc:subfield code="3">Google</marc:subfield><marc:subfield code="u">http://books.google.com/books?id=5FqdUbwufpgC</marc:subfield></marc:datafield><marc:datafield tag="856" ind1="4" ind2=" "><marc:subfield code="3">Google</marc:subfield><marc:subfield code="u">http://books.google.com/books?id=Ij-r9AQQMBQC</marc:subfield></marc:datafield><marc:datafield tag="856" ind1="4" ind2=" "><marc:subfield code="3">Google</marc:subfield><marc:subfield code="u">http://books.google.com/books?id=VIr2MlopevIC</marc:subfield></marc:datafield><marc:datafield tag="856" ind1="4" ind2=" "><marc:subfield code="3">Google</marc:subfield><marc:subfield code="u">http://books.google.com/books?id=OcjWkbtrS2sC</marc:subfield></marc:datafield><marc:datafield tag="856" ind1="4" ind2=" "><marc:subfield code="3">Google</marc:subfield><marc:subfield code="u">http://books.google.com/books?id=wSv_nksGTU8C</marc:subfield></marc:datafield><marc:datafield tag="856" ind1="4" ind2=" "><marc:subfield code="3">Google</marc:subfield><marc:subfield code="u">http://books.google.com/books?id=dnrtzB11qOEC</marc:subfield></marc:datafield><marc:datafield tag="856" ind1="4" ind2=" "><marc:subfield code="3">Google</marc:subfield><marc:subfield code="u">http://books.google.com/books?id=TTgAC92AUBsC</marc:subfield></marc:datafield><marc:datafield tag="856" ind1="4" ind2=" "><marc:subfield code="3">Google</marc:subfield><marc:subfield code="u">http://books.google.com/books?id=GLcENXmxH78C</marc:subfield></marc:datafield><marc:datafield tag="856" ind1="4" ind2=" "><marc:subfield code="3">Google</marc:subfield><marc:subfield code="u">http://books.google.com/books?id=RpAowEDJCfIC</marc:subfield></marc:datafield><marc:datafield tag="856" ind1="4" ind2=" "><marc:subfield code="3">Google</marc:subfield><marc:subfield code="u">http://books.google.com/books?id=jzgjEaJgsyUC</marc:subfield></marc:datafield><marc:datafield tag="856" ind1="4" ind2=" "><marc:subfield code="3">Google</marc:subfield><marc:subfield code="u">http://books.google.com/books?id=zTAVq0K1krEC</marc:subfield></marc:datafield><marc:datafield tag="856" ind1="4" ind2=" "><marc:subfield code="3">Google</marc:subfield><marc:subfield code="u">http://books.google.com/books?id=vh9yGbyudigC</marc:subfield></marc:datafield><marc:datafield tag="856" ind1="4" ind2=" "><marc:subfield code="3">Google</marc:subfield><marc:subfield code="u">http://books.google.com/books?id=Z_9eokTUXrIC</marc:subfield></marc:datafield><marc:datafield tag="856" ind1="4" ind2=" "><marc:subfield code="3">Google</marc:subfield><marc:subfield code="u">http://books.google.com/books?id=Gex-3dgTB10C</marc:subfield></marc:datafield><marc:datafield tag="856" ind1="4" ind2=" "><marc:subfield code="3">Google</marc:subfield><marc:subfield code="u">http://books.google.com/books?id=5_KWVH1dqrUC</marc:subfield></marc:datafield><marc:datafield tag="856" ind1="4" ind2=" "><marc:subfield code="3">Google</marc:subfield><marc:subfield code="u">http://books.google.com/books?id=jpnMnBfpxE8C</marc:subfield></marc:datafield><marc:datafield tag="856" ind1="4" ind2=" "><marc:subfield code="3">Google</marc:subfield><marc:subfield code="u">http://books.google.com/books?id=bmWf31FsO5YC</marc:subfield></marc:datafield><marc:datafield tag="856" ind1="4" ind2=" "><marc:subfield code="3">Google</marc:subfield><marc:subfield code="u">http://books.google.com/books?id=tfIiyUNVvWQC</marc:subfield></marc:datafield><marc:datafield tag="856" ind1="4" ind2=" "><marc:subfield code="3">Google</marc:subfield><marc:subfield code="u">http://books.google.com/books?id=wtM2LickAHkC</marc:subfield></marc:datafield><marc:datafield tag="856" ind1="4" ind2=" "><marc:subfield code="3">Google</marc:subfield><marc:subfield code="u">http://books.google.com/books?id=t5sixRvUsBYC</marc:subfield></marc:datafield><marc:datafield tag="856" ind1="4" ind2=" "><marc:subfield code="3">Google</marc:subfield><marc:subfield code="u">http://books.google.com/books?id=2jnpgSpFl_IC</marc:subfield></marc:datafield><marc:datafield tag="856" ind1="4" ind2=" "><marc:subfield code="3">Google</marc:subfield><marc:subfield code="u">http://books.google.com/books?id=3D7-kjH0OXcC</marc:subfield></marc:datafield><marc:datafield tag="856" ind1="4" ind2=" "><marc:subfield code="3">Google</marc:subfield><marc:subfield code="u">http://books.google.com/books?id=8PshRScTdVMC</marc:subfield></marc:datafield><marc:datafield tag="856" ind1="4" ind2=" "><marc:subfield code="3">Google</marc:subfield><marc:subfield code="u">http://books.google.com/books?id=_EUE4lI0aBQC</marc:subfield></marc:datafield><marc:datafield tag="856" ind1="4" ind2=" "><marc:subfield code="3">Google</marc:subfield><marc:subfield code="u">http://books.google.com/books?id=XRa50mGhAhsC</marc:subfield></marc:datafield><marc:datafield tag="856" ind1="4" ind2=" "><marc:subfield code="3">Google</marc:subfield><marc:subfield code="u">http://books.google.com/books?id=4rXojbsInvkC</marc:subfield></marc:datafield><marc:datafield tag="856" ind1="4" ind2=" "><marc:subfield code="3">Google</marc:subfield><marc:subfield code="u">http://books.google.com/books?id=UW2YqBAo1eQC</marc:subfield></marc:datafield><marc:datafield tag="856" ind1="4" ind2=" "><marc:subfield code="3">Google</marc:subfield><marc:subfield code="u">http://books.google.com/books?id=YuIIAMR9nhAC</marc:subfield></marc:datafield><marc:datafield tag="856" ind1="4" ind2=" "><marc:subfield code="3">Google</marc:subfield><marc:subfield code="u">http://books.google.com/books?id=tlSiGhrg45UC</marc:subfield></marc:datafield><marc:datafield tag="856" ind1="4" ind2=" "><marc:subfield code="3">Google</marc:subfield><marc:subfield code="u">http://books.google.com/books?id=vsBbQRzJJCQC</marc:subfield></marc:datafield><marc:datafield tag="856" ind1="4" ind2=" "><marc:subfield code="3">Google</marc:subfield><marc:subfield code="u">http://books.google.com/books?id=leDYn2JLbv8C</marc:subfield></marc:datafield><marc:datafield tag="856" ind1="4" ind2=" "><marc:subfield code="3">Google</marc:subfield><marc:subfield code="u">http://books.google.com/books?id=odwAjXq-aPIC</marc:subfield></marc:datafield><marc:datafield tag="856" ind1="4" ind2=" "><marc:subfield code="3">Google</marc:subfield><marc:subfield code="u">http://books.google.com/books?id=P0xsi0EZNg0C</marc:subfield></marc:datafield><marc:datafield tag="856" ind1="4" ind2=" "><marc:subfield code="3">Google</marc:subfield><marc:subfield code="u">http://books.google.com/books?id=k9WOOnheDA4C</marc:subfield></marc:datafield><marc:datafield tag="856" ind1="4" ind2=" "><marc:subfield code="3">Google</marc:subfield><marc:subfield code="u">http://books.google.com/books?id=n81MX37AO9cC</marc:subfield></marc:datafield><marc:datafield tag="856" ind1="4" ind2=" "><marc:subfield code="3">Google</marc:subfield><marc:subfield code="u">http://books.google.com/books?id=APmqU-ZHMfkC</marc:subfield></marc:datafield><marc:datafield tag="856" ind1="4" ind2=" "><marc:subfield code="3">Google</marc:subfield><marc:subfield code="u">http://books.google.com/books?id=G1s_HCPijS8C</marc:subfield></marc:datafield><marc:datafield tag="856" ind1="4" ind2=" "><marc:subfield code="3">Google</marc:subfield><marc:subfield code="u">http://books.google.com/books?id=L-cz8EFcXo4C</marc:subfield></marc:datafield><marc:datafield tag="856" ind1="4" ind2=" "><marc:subfield code="3">Google</marc:subfield><marc:subfield code="u">http://books.google.com/books?id=tfzHyhs0LvkC</marc:subfield></marc:datafield><marc:datafield tag="856" ind1="4" ind2=" "><marc:subfield code="3">Google</marc:subfield><marc:subfield code="u">http://books.google.com/books?id=TRaKQxPPGtkC</marc:subfield></marc:datafield><marc:datafield tag="856" ind1="4" ind2=" "><marc:subfield code="3">Google</marc:subfield><marc:subfield code="u">http://books.google.com/books?id=Tc5bMV1LvQ4C</marc:subfield></marc:datafield><marc:datafield tag="856" ind1="4" ind2=" "><marc:subfield code="3">Google</marc:subfield><marc:subfield code="u">http://books.google.com/books?id=B9WLCC_065gC</marc:subfield></marc:datafield><marc:datafield tag="856" ind1="4" ind2=" "><marc:subfield code="3">Google</marc:subfield><marc:subfield code="u">http://books.google.com/books?id=CPIZMz6QB3kC</marc:subfield></marc:datafield><marc:datafield tag="856" ind1="4" ind2=" "><marc:subfield code="3">Google</marc:subfield><marc:subfield code="u">http://books.google.com/books?id=cKnpgBr3GkYC</marc:subfield></marc:datafield><marc:datafield tag="856" ind1="4" ind2=" "><marc:subfield code="3">Google</marc:subfield><marc:subfield code="u">http://books.google.com/books?id=LZcDz8EN4IAC</marc:subfield></marc:datafield><marc:datafield tag="856" ind1="4" ind2=" "><marc:subfield code="3">Google</marc:subfield><marc:subfield code="u">http://books.google.com/books?id=OedRYgVXrg8C</marc:subfield></marc:datafield><marc:datafield tag="856" ind1="4" ind2=" "><marc:subfield code="3">Google</marc:subfield><marc:subfield code="u">http://books.google.com/books?id=h_oTfBFrJ6YC</marc:subfield></marc:datafield><marc:datafield tag="856" ind1="4" ind2=" "><marc:subfield code="3">Google</marc:subfield><marc:subfield code="u">http://books.google.com/books?id=wxGqbjMWaOMC</marc:subfield></marc:datafield><marc:datafield tag="856" ind1="4" ind2=" "><marc:subfield code="3">Google</marc:subfield><marc:subfield code="u">http://books.google.com/books?id=S27nhhCTU2sC</marc:subfield></marc:datafield><marc:datafield tag="856" ind1="4" ind2=" "><marc:subfield code="3">Google</marc:subfield><marc:subfield code="u">http://books.google.com/books?id=PiG0F3LMMwYC</marc:subfield></marc:datafield><marc:datafield tag="856" ind1="4" ind2=" "><marc:subfield code="3">Google</marc:subfield><marc:subfield code="u">http://books.google.com/books?id=qo_BNnxtrDMC</marc:subfield></marc:datafield><marc:datafield tag="856" ind1="4" ind2=" "><marc:subfield code="3">Google</marc:subfield><marc:subfield code="u">http://books.google.com/books?id=iKc-r7LL9TwC</marc:subfield></marc:datafield><marc:datafield tag="856" ind1="4" ind2=" "><marc:subfield code="3">Google</marc:subfield><marc:subfield code="u">http://books.google.com/books?id=DjYw_ZLO2pIC</marc:subfield></marc:datafield><marc:datafield tag="856" ind1="4" ind2=" "><marc:subfield code="3">Google</marc:subfield><marc:subfield code="u">http://books.google.com/books?id=JRmw6EJH7RoC</marc:subfield></marc:datafield><marc:datafield tag="856" ind1="4" ind2=" "><marc:subfield code="3">Google</marc:subfield><marc:subfield code="u">http://books.google.com/books?id=YiLOuujFY34C</marc:subfield></marc:datafield><marc:datafield tag="856" ind1="4" ind2=" "><marc:subfield code="3">Google</marc:subfield><marc:subfield code="u">http://books.google.com/books?id=hzf72VKnpYUC</marc:subfield></marc:datafield><marc:datafield tag="856" ind1="4" ind2=" "><marc:subfield code="3">Google</marc:subfield><marc:subfield code="u">http://books.google.com/books?id=a4Oyx53HyH0C</marc:subfield></marc:datafield><marc:datafield tag="856" ind1="4" ind2=" "><marc:subfield code="3">Google</marc:subfield><marc:subfield code="u">http://books.google.com/books?id=oNgZ4trBGrIC</marc:subfield></marc:datafield><marc:datafield tag="856" ind1="4" ind2=" "><marc:subfield code="3">Google</marc:subfield><marc:subfield code="u">http://books.google.com/books?id=HqNkgg-U23wC</marc:subfield></marc:datafield><marc:datafield tag="856" ind1="4" ind2=" "><marc:subfield code="3">Google</marc:subfield><marc:subfield code="u">http://books.google.com/books?id=azb1PpsVEAgC</marc:subfield></marc:datafield><marc:datafield tag="856" ind1="4" ind2=" "><marc:subfield code="3">Google</marc:subfield><marc:subfield code="u">http://books.google.com/books?id=TQMg7D-oD8wC</marc:subfield></marc:datafield><marc:datafield tag="856" ind1="4" ind2=" "><marc:subfield code="3">Google</marc:subfield><marc:subfield code="u">http://books.google.com/books?id=FP98exdrwT4C</marc:subfield></marc:datafield><marc:datafield tag="856" ind1="4" ind2=" "><marc:subfield code="3">Google</marc:subfield><marc:subfield code="u">http://books.google.com/books?id=VTj8imOgP4IC</marc:subfield></marc:datafield><marc:datafield tag="856" ind1="4" ind2=" "><marc:subfield code="3">Google</marc:subfield><marc:subfield code="u">http://books.google.com/books?id=7e3SyLu4MRwC</marc:subfield></marc:datafield><marc:datafield tag="856" ind1="4" ind2=" "><marc:subfield code="3">Google</marc:subfield><marc:subfield code="u">http://books.google.com/books?id=u8F3lvkDO1AC</marc:subfield></marc:datafield><marc:datafield tag="856" ind1="4" ind2=" "><marc:subfield code="3">Google</marc:subfield><marc:subfield code="u">http://books.google.com/books?id=6h1kCkH2KJsC</marc:subfield></marc:datafield><marc:datafield tag="856" ind1="4" ind2=" "><marc:subfield code="3">Google</marc:subfield><marc:subfield code="u">http://books.google.com/books?id=SZG2zWg_U8YC</marc:subfield></marc:datafield><marc:datafield tag="856" ind1="4" ind2=" "><marc:subfield code="3">Google</marc:subfield><marc:subfield code="u">http://books.google.com/books?id=bTVFkT81njUC</marc:subfield></marc:datafield><marc:datafield tag="856" ind1="4" ind2=" "><marc:subfield code="3">Google</marc:subfield><marc:subfield code="u">http://books.google.com/books?id=kC5pzXtvL6QC</marc:subfield></marc:datafield><marc:datafield tag="856" ind1="4" ind2=" "><marc:subfield code="3">Google</marc:subfield><marc:subfield code="u">http://books.google.com/books?id=8cEJpHcLEYMC</marc:subfield></marc:datafield><marc:datafield tag="856" ind1="4" ind2=" "><marc:subfield code="3">Google</marc:subfield><marc:subfield code="u">http://books.google.com/books?id=qvoWQ84BkBAC</marc:subfield></marc:datafield><marc:datafield tag="856" ind1="4" ind2=" "><marc:subfield code="3">Google</marc:subfield><marc:subfield code="u">http://books.google.com/books?id=FurwKcN78xsC</marc:subfield></marc:datafield><marc:datafield tag="856" ind1="4" ind2=" "><marc:subfield code="3">Google</marc:subfield><marc:subfield code="u">http://books.google.com/books?id=VdeRy6lFwBcC</marc:subfield></marc:datafield><marc:datafield tag="856" ind1="4" ind2=" "><marc:subfield code="3">Google</marc:subfield><marc:subfield code="u">http://books.google.com/books?id=0xs4onG8GWEC</marc:subfield></marc:datafield><marc:datafield tag="856" ind1="4" ind2=" "><marc:subfield code="3">Google</marc:subfield><marc:subfield code="u">http://books.google.com/books?id=4fTWO3C6aTAC</marc:subfield></marc:datafield><marc:datafield tag="856" ind1="4" ind2=" "><marc:subfield code="3">Google</marc:subfield><marc:subfield code="u">http://books.google.com/books?id=Of-0D98Fd4cC</marc:subfield></marc:datafield><marc:datafield tag="856" ind1="4" ind2=" "><marc:subfield code="3">Google</marc:subfield><marc:subfield code="u">http://books.google.com/books?id=rKzTiJ0SQfkC</marc:subfield></marc:datafield><marc:datafield tag="856" ind1="4" ind2=" "><marc:subfield code="3">Google</marc:subfield><marc:subfield code="u">http://books.google.com/books?id=0MAQz5Jvso0C</marc:subfield></marc:datafield><marc:datafield tag="856" ind1="4" ind2=" "><marc:subfield code="3">Google</marc:subfield><marc:subfield code="u">http://books.google.com/books?id=qQU3QZO4Z7IC</marc:subfield></marc:datafield><marc:datafield tag="856" ind1="4" ind2=" "><marc:subfield code="3">Google</marc:subfield><marc:subfield code="u">http://books.google.com/books?id=mDWAMQ7I_T4C</marc:subfield></marc:datafield><marc:datafield tag="856" ind1="4" ind2=" "><marc:subfield code="3">Google</marc:subfield><marc:subfield code="u">http://books.google.com/books?id=nOav86KDtdcC</marc:subfield></marc:datafield><marc:datafield tag="856" ind1="4" ind2=" "><marc:subfield code="3">Google</marc:subfield><marc:subfield code="u">http://books.google.com/books?id=ySThs3clm10C</marc:subfield></marc:datafield><marc:datafield tag="856" ind1="4" ind2=" "><marc:subfield code="3">Google</marc:subfield><marc:subfield code="u">http://books.google.com/books?id=eqCjkteeTFUC</marc:subfield></marc:datafield><marc:datafield tag="856" ind1="4" ind2=" "><marc:subfield code="3">Google</marc:subfield><marc:subfield code="u">http://books.google.com/books?id=8HwWqdYh3_IC</marc:subfield></marc:datafield><marc:datafield tag="856" ind1="4" ind2=" "><marc:subfield code="3">Google</marc:subfield><marc:subfield code="u">http://books.google.com/books?id=uf9ffozY4AoC</marc:subfield></marc:datafield><marc:datafield tag="856" ind1="4" ind2=" "><marc:subfield code="3">Google</marc:subfield><marc:subfield code="u">http://books.google.com/books?id=UdiTVqXtOccC</marc:subfield></marc:datafield><marc:datafield tag="856" ind1="4" ind2=" "><marc:subfield code="3">Google</marc:subfield><marc:subfield code="u">http://books.google.com/books?id=-D_vTCxRUQ0C</marc:subfield></marc:datafield><marc:datafield tag="856" ind1="4" ind2=" "><marc:subfield code="3">Google</marc:subfield><marc:subfield code="u">http://books.google.com/books?id=RG_aZPiSy1sC</marc:subfield></marc:datafield><marc:datafield tag="856" ind1="4" ind2=" "><marc:subfield code="3">Google</marc:subfield><marc:subfield code="u">http://books.google.com/books?id=b7Az9Pg1IjQC</marc:subfield></marc:datafield><marc:datafield tag="856" ind1="4" ind2=" "><marc:subfield code="3">Google</marc:subfield><marc:subfield code="u">http://books.google.com/books?id=pSCRtj-BvjcC</marc:subfield></marc:datafield><marc:datafield tag="856" ind1="4" ind2=" "><marc:subfield code="3">Google</marc:subfield><marc:subfield code="u">http://books.google.com/books?id=PxVEJ8x1pCUC</marc:subfield></marc:datafield><marc:datafield tag="856" ind1="4" ind2=" "><marc:subfield code="3">Google</marc:subfield><marc:subfield code="u">http://books.google.com/books?id=wMpJhC6l1F4C</marc:subfield></marc:datafield><marc:datafield tag="856" ind1="4" ind2=" "><marc:subfield code="3">Google</marc:subfield><marc:subfield code="u">http://books.google.com/books?id=gt4vAmRe-3cC</marc:subfield></marc:datafield><marc:datafield tag="856" ind1="4" ind2=" "><marc:subfield code="3">Google</marc:subfield><marc:subfield code="u">http://books.google.com/books?id=Kk6KxSwOt6cC</marc:subfield></marc:datafield><marc:datafield tag="856" ind1="4" ind2=" "><marc:subfield code="3">Google</marc:subfield><marc:subfield code="u">http://books.google.com/books?id=uUhDjzp-568C</marc:subfield></marc:datafield><marc:datafield tag="856" ind1="4" ind2=" "><marc:subfield code="3">Google</marc:subfield><marc:subfield code="u">http://books.google.com/books?id=8fI_9OO1Dy8C</marc:subfield></marc:datafield><marc:datafield tag="856" ind1="4" ind2=" "><marc:subfield code="3">Google</marc:subfield><marc:subfield code="u">http://books.google.com/books?id=kTTcwELTJkYC</marc:subfield></marc:datafield><marc:datafield tag="856" ind1="4" ind2=" "><marc:subfield code="3">Google</marc:subfield><marc:subfield code="u">http://books.google.com/books?id=KuLhV_GNhboC</marc:subfield></marc:datafield><marc:datafield tag="856" ind1="4" ind2=" "><marc:subfield code="3">Google</marc:subfield><marc:subfield code="u">http://books.google.com/books?id=xaGcxTgCeHoC</marc:subfield></marc:datafield><marc:datafield tag="856" ind1="4" ind2=" "><marc:subfield code="3">Google</marc:subfield><marc:subfield code="u">http://books.google.com/books?id=DLS3kA1phcEC</marc:subfield></marc:datafield><marc:datafield tag="856" ind1="4" ind2=" "><marc:subfield code="3">Google</marc:subfield><marc:subfield code="u">http://books.google.com/books?id=voVYz6OPmOoC</marc:subfield></marc:datafield><marc:datafield tag="856" ind1="4" ind2=" "><marc:subfield code="3">Google</marc:subfield><marc:subfield code="u">http://books.google.com/books?id=NFFFPOez0VcC</marc:subfield></marc:datafield><marc:datafield tag="856" ind1="4" ind2=" "><marc:subfield code="3">Google</marc:subfield><marc:subfield code="u">http://books.google.com/books?id=7F-1XvltLMUC</marc:subfield></marc:datafield><marc:datafield tag="856" ind1="4" ind2=" "><marc:subfield code="3">Google</marc:subfield><marc:subfield code="u">http://books.google.com/books?id=b7qkl2RrTfIC</marc:subfield></marc:datafield><marc:datafield tag="856" ind1="4" ind2=" "><marc:subfield code="3">Google</marc:subfield><marc:subfield code="u">http://books.google.com/books?id=Sp3sIl4AIi8C</marc:subfield></marc:datafield><marc:datafield tag="856" ind1="4" ind2=" "><marc:subfield code="3">Google</marc:subfield><marc:subfield code="u">http://books.google.com/books?id=blrCyyr4l0EC</marc:subfield></marc:datafield><marc:datafield tag="856" ind1="4" ind2=" "><marc:subfield code="3">Google</marc:subfield><marc:subfield code="u">http://books.google.com/books?id=DqhZRY9yg-wC</marc:subfield></marc:datafield><marc:datafield tag="856" ind1="4" ind2=" "><marc:subfield code="3">Google</marc:subfield><marc:subfield code="u">http://books.google.com/books?id=OHleIAbQ8TQC</marc:subfield></marc:datafield><marc:datafield tag="856" ind1="4" ind2=" "><marc:subfield code="3">Google</marc:subfield><marc:subfield code="u">http://books.google.com/books?id=IrGxMFJLqEoC</marc:subfield></marc:datafield><marc:datafield tag="856" ind1="4" ind2=" "><marc:subfield code="3">Google</marc:subfield><marc:subfield code="u">http://books.google.com/books?id=Pe6i8rROsq0C</marc:subfield></marc:datafield><marc:datafield tag="856" ind1="4" ind2=" "><marc:subfield code="3">Google</marc:subfield><marc:subfield code="u">http://books.google.com/books?id=yTQRP9rIKw4C</marc:subfield></marc:datafield><marc:datafield tag="856" ind1="4" ind2=" "><marc:subfield code="3">Google</marc:subfield><marc:subfield code="u">http://books.google.com/books?id=IJaIDA8rgJwC</marc:subfield></marc:datafield><marc:datafield tag="856" ind1="4" ind2=" "><marc:subfield code="3">Google</marc:subfield><marc:subfield code="u">http://books.google.com/books?id=RVlO2qV3oasC</marc:subfield></marc:datafield><marc:datafield tag="856" ind1="4" ind2=" "><marc:subfield code="3">Google</marc:subfield><marc:subfield code="u">http://books.google.com/books?id=G3n0tL0yO04C</marc:subfield></marc:datafield><marc:datafield tag="856" ind1="4" ind2=" "><marc:subfield code="3">Google</marc:subfield><marc:subfield code="u">http://books.google.com/books?id=P0NELSb_rNMC</marc:subfield></marc:datafield><marc:datafield tag="856" ind1="4" ind2=" "><marc:subfield code="3">Google</marc:subfield><marc:subfield code="u">http://books.google.com/books?id=2OOvhIxbnaoC</marc:subfield></marc:datafield><marc:datafield tag="856" ind1="4" ind2=" "><marc:subfield code="3">Google</marc:subfield><marc:subfield code="u">http://books.google.com/books?id=1LRcWRliI6sC</marc:subfield></marc:datafield><marc:datafield tag="856" ind1="4" ind2=" "><marc:subfield code="3">Google</marc:subfield><marc:subfield code="u">http://books.google.com/books?id=oK9qdBp3nj8C</marc:subfield></marc:datafield><marc:datafield tag="856" ind1="4" ind2=" "><marc:subfield code="3">Google</marc:subfield><marc:subfield code="u">http://books.google.com/books?id=MZOfm8XT1woC</marc:subfield></marc:datafield><marc:datafield tag="856" ind1="4" ind2=" "><marc:subfield code="3">Google</marc:subfield><marc:subfield code="u">http://books.google.com/books?id=syJdRIu7a-gC</marc:subfield></marc:datafield><marc:datafield tag="856" ind1="4" ind2=" "><marc:subfield code="3">Google</marc:subfield><marc:subfield code="u">http://books.google.com/books?id=gC8zkMx4AIAC</marc:subfield></marc:datafield><marc:datafield tag="856" ind1="4" ind2=" "><marc:subfield code="3">Google</marc:subfield><marc:subfield code="u">http://books.google.com/books?id=BvhqQVp7StcC</marc:subfield></marc:datafield><marc:datafield tag="856" ind1="4" ind2=" "><marc:subfield code="3">Google</marc:subfield><marc:subfield code="u">http://books.google.com/books?id=dM2XlRWK_dEC</marc:subfield></marc:datafield><marc:datafield tag="856" ind1="4" ind2=" "><marc:subfield code="3">Google</marc:subfield><marc:subfield code="u">http://books.google.com/books?id=BmoTGDb1ACIC</marc:subfield></marc:datafield><marc:datafield tag="856" ind1="4" ind2=" "><marc:subfield code="3">Google</marc:subfield><marc:subfield code="u">http://books.google.com/books?id=B8Y9IanwcfYC</marc:subfield></marc:datafield><marc:datafield tag="856" ind1="4" ind2=" "><marc:subfield code="3">Google</marc:subfield><marc:subfield code="u">http://books.google.com/books?id=4teQvDswVK4C</marc:subfield></marc:datafield><marc:datafield tag="856" ind1="4" ind2=" "><marc:subfield code="3">Google</marc:subfield><marc:subfield code="u">http://books.google.com/books?id=pHaBTQV65T4C</marc:subfield></marc:datafield><marc:datafield tag="856" ind1="4" ind2=" "><marc:subfield code="3">Google</marc:subfield><marc:subfield code="u">http://books.google.com/books?id=c4qr5-DKQe4C</marc:subfield></marc:datafield><marc:datafield tag="856" ind1="4" ind2=" "><marc:subfield code="3">Google</marc:subfield><marc:subfield code="u">http://books.google.com/books?id=oOGhu8HKc20C</marc:subfield></marc:datafield><marc:datafield tag="856" ind1="4" ind2=" "><marc:subfield code="3">Google</marc:subfield><marc:subfield code="u">http://books.google.com/books?id=F8OeWeLK6UUC</marc:subfield></marc:datafield><marc:datafield tag="856" ind1="4" ind2=" "><marc:subfield code="3">Google</marc:subfield><marc:subfield code="u">http://books.google.com/books?id=hTssN_runr0C</marc:subfield></marc:datafield><marc:datafield tag="856" ind1="4" ind2=" "><marc:subfield code="3">Google</marc:subfield><marc:subfield code="u">http://books.google.com/books?id=QWPD4PRSdrgC</marc:subfield></marc:datafield><marc:datafield tag="856" ind1="4" ind2=" "><marc:subfield code="3">Google</marc:subfield><marc:subfield code="u">http://books.google.com/books?id=i-dJpM4cSrUC</marc:subfield></marc:datafield><marc:datafield tag="856" ind1="4" ind2=" "><marc:subfield code="3">Google</marc:subfield><marc:subfield code="u">http://books.google.com/books?id=Q26hTUuVIIkC</marc:subfield></marc:datafield><marc:datafield tag="856" ind1="4" ind2=" "><marc:subfield code="3">Google</marc:subfield><marc:subfield code="u">http://books.google.com/books?id=MWM5HL6kaO0C</marc:subfield></marc:datafield><marc:datafield tag="856" ind1="4" ind2=" "><marc:subfield code="3">Google</marc:subfield><marc:subfield code="u">http://books.google.com/books?id=NgWVz-jp3aQC</marc:subfield></marc:datafield><marc:datafield tag="856" ind1="4" ind2=" "><marc:subfield code="3">Google</marc:subfield><marc:subfield code="u">http://books.google.com/books?id=dQOjYZuljnUC</marc:subfield></marc:datafield><marc:datafield tag="856" ind1="4" ind2=" "><marc:subfield code="3">Google</marc:subfield><marc:subfield code="u">http://books.google.com/books?id=Pcu_fdTV5XYC</marc:subfield></marc:datafield><marc:datafield tag="856" ind1="4" ind2=" "><marc:subfield code="3">Google</marc:subfield><marc:subfield code="u">http://books.google.com/books?id=9cq_kxIsVj8C</marc:subfield></marc:datafield><marc:datafield tag="856" ind1="4" ind2=" "><marc:subfield code="3">Google</marc:subfield><marc:subfield code="u">http://books.google.com/books?id=m7GK4aOmlacC</marc:subfield></marc:datafield><marc:datafield tag="856" ind1="4" ind2=" "><marc:subfield code="3">Google</marc:subfield><marc:subfield code="u">http://books.google.com/books?id=KsOcskLSS9UC</marc:subfield></marc:datafield><marc:datafield tag="856" ind1="4" ind2=" "><marc:subfield code="3">Google</marc:subfield><marc:subfield code="u">http://books.google.com/books?id=J8uwnxnG6Y8C</marc:subfield></marc:datafield><marc:datafield tag="856" ind1="4" ind2=" "><marc:subfield code="3">Google</marc:subfield><marc:subfield code="u">http://books.google.com/books?id=xLHuge_hMz0C</marc:subfield></marc:datafield><marc:datafield tag="856" ind1="4" ind2=" "><marc:subfield code="3">Google</marc:subfield><marc:subfield code="u">http://books.google.com/books?id=c8nEk92DIIgC</marc:subfield></marc:datafield><marc:datafield tag="856" ind1="4" ind2=" "><marc:subfield code="3">Google</marc:subfield><marc:subfield code="u">http://books.google.com/books?id=jTTJRpbMr-EC</marc:subfield></marc:datafield><marc:datafield tag="856" ind1="4" ind2=" "><marc:subfield code="3">Google</marc:subfield><marc:subfield code="u">http://books.google.com/books?id=A-Bs5p5Rf_QC</marc:subfield></marc:datafield><marc:datafield tag="856" ind1="4" ind2=" "><marc:subfield code="3">Google</marc:subfield><marc:subfield code="u">http://books.google.com/books?id=aUDRDByUNxMC</marc:subfield></marc:datafield><marc:datafield tag="856" ind1="4" ind2=" "><marc:subfield code="3">Google</marc:subfield><marc:subfield code="u">http://books.google.com/books?id=g10INJkhmLwC</marc:subfield></marc:datafield><marc:datafield tag="856" ind1="4" ind2=" "><marc:subfield code="3">Google</marc:subfield><marc:subfield code="u">http://books.google.com/books?id=Bw9QMwoL4CsC</marc:subfield></marc:datafield><marc:datafield tag="856" ind1="4" ind2=" "><marc:subfield code="3">Google</marc:subfield><marc:subfield code="u">http://books.google.com/books?id=ev4KtDrUdf8C</marc:subfield></marc:datafield><marc:datafield tag="856" ind1="4" ind2=" "><marc:subfield code="3">Google</marc:subfield><marc:subfield code="u">http://books.google.com/books?id=S_Xs7baZGt4C</marc:subfield></marc:datafield><marc:datafield tag="856" ind1="4" ind2=" "><marc:subfield code="3">Google</marc:subfield><marc:subfield code="u">http://books.google.com/books?id=dcAxswJuyOwC</marc:subfield></marc:datafield><marc:datafield tag="856" ind1="4" ind2=" "><marc:subfield code="3">Google</marc:subfield><marc:subfield code="u">http://books.google.com/books?id=VzZteJLcPWkC</marc:subfield></marc:datafield><marc:datafield tag="856" ind1="4" ind2=" "><marc:subfield code="3">Google</marc:subfield><marc:subfield code="u">http://books.google.com/books?id=iLwkzjoX4R8C</marc:subfield></marc:datafield><marc:datafield tag="856" ind1="4" ind2=" "><marc:subfield code="3">Google</marc:subfield><marc:subfield code="u">http://books.google.com/books?id=iMk8cJxmdcIC</marc:subfield></marc:datafield><marc:datafield tag="856" ind1="4" ind2=" "><marc:subfield code="3">Google</marc:subfield><marc:subfield code="u">http://books.google.com/books?id=RDzArRJg2a0C</marc:subfield></marc:datafield><marc:datafield tag="856" ind1="4" ind2=" "><marc:subfield code="3">Google</marc:subfield><marc:subfield code="u">http://books.google.com/books?id=XdrMQIrPLIwC</marc:subfield></marc:datafield><marc:datafield tag="856" ind1="4" ind2=" "><marc:subfield code="3">Google</marc:subfield><marc:subfield code="u">http://books.google.com/books?id=rNRarSl9ttAC</marc:subfield></marc:datafield><marc:datafield tag="856" ind1="4" ind2=" "><marc:subfield code="3">Google</marc:subfield><marc:subfield code="u">http://books.google.com/books?id=iMPevL_TOJUC</marc:subfield></marc:datafield><marc:datafield tag="856" ind1="4" ind2=" "><marc:subfield code="3">Google</marc:subfield><marc:subfield code="u">http://books.google.com/books?id=RfSkKpyYVmkC</marc:subfield></marc:datafield><marc:datafield tag="856" ind1="4" ind2=" "><marc:subfield code="3">Google</marc:subfield><marc:subfield code="u">http://books.google.com/books?id=6D8X6gEMwSQC</marc:subfield></marc:datafield><marc:datafield tag="856" ind1="4" ind2=" "><marc:subfield code="3">Google</marc:subfield><marc:subfield code="u">http://books.google.com/books?id=wTkh8GvFEMwC</marc:subfield></marc:datafield><marc:datafield tag="856" ind1="4" ind2=" "><marc:subfield code="3">Google</marc:subfield><marc:subfield code="u">http://books.google.com/books?id=kMAuSVXE6SkC</marc:subfield></marc:datafield><marc:datafield tag="856" ind1="4" ind2=" "><marc:subfield code="3">Google</marc:subfield><marc:subfield code="u">http://books.google.com/books?id=RnEDIaeVxLAC</marc:subfield></marc:datafield><marc:datafield tag="856" ind1="4" ind2=" "><marc:subfield code="3">Google</marc:subfield><marc:subfield code="u">http://books.google.com/books?id=Wk7nHL15ZGIC</marc:subfield></marc:datafield><marc:datafield tag="856" ind1="4" ind2=" "><marc:subfield code="3">Google</marc:subfield><marc:subfield code="u">http://books.google.com/books?id=r24sHR_gmsIC</marc:subfield></marc:datafield><marc:datafield tag="856" ind1="4" ind2=" "><marc:subfield code="3">Google</marc:subfield><marc:subfield code="u">http://books.google.com/books?id=-vwEMrwSuDgC</marc:subfield></marc:datafield><marc:datafield tag="856" ind1="4" ind2=" "><marc:subfield code="3">Google</marc:subfield><marc:subfield code="u">http://books.google.com/books?id=ThMttj2iApMC</marc:subfield></marc:datafield><marc:datafield tag="856" ind1="4" ind2=" "><marc:subfield code="3">Google</marc:subfield><marc:subfield code="u">http://books.google.com/books?id=L_lLufsirZYC</marc:subfield></marc:datafield><marc:datafield tag="856" ind1="4" ind2=" "><marc:subfield code="3">Google</marc:subfield><marc:subfield code="u">http://books.google.com/books?id=9Zc-lLY71dAC</marc:subfield></marc:datafield><marc:datafield tag="856" ind1="4" ind2=" "><marc:subfield code="3">Google</marc:subfield><marc:subfield code="u">http://books.google.com/books?id=iSTz5mUlpiAC</marc:subfield></marc:datafield><marc:datafield tag="856" ind1="4" ind2=" "><marc:subfield code="3">Google</marc:subfield><marc:subfield code="u">http://books.google.com/books?id=2MXgKs8cSIgC</marc:subfield></marc:datafield><marc:datafield tag="856" ind1="4" ind2=" "><marc:subfield code="3">Google</marc:subfield><marc:subfield code="u">http://books.google.com/books?id=m_x9XwQLmCkC</marc:subfield></marc:datafield><marc:datafield tag="856" ind1="4" ind2=" "><marc:subfield code="3">Google</marc:subfield><marc:subfield code="u">http://books.google.com/books?id=3Refpffj3pkC</marc:subfield></marc:datafield><marc:datafield tag="856" ind1="4" ind2=" "><marc:subfield code="3">Google</marc:subfield><marc:subfield code="u">http://books.google.com/books?id=rSDteVSxhPgC</marc:subfield></marc:datafield><marc:datafield tag="856" ind1="4" ind2=" "><marc:subfield code="3">Google</marc:subfield><marc:subfield code="u">http://books.google.com/books?id=BtSHEh6X8_gC</marc:subfield></marc:datafield><marc:datafield tag="856" ind1="4" ind2=" "><marc:subfield code="3">Google</marc:subfield><marc:subfield code="u">http://books.google.com/books?id=X6OHn-Nb0AUC</marc:subfield></marc:datafield><marc:datafield tag="856" ind1="4" ind2=" "><marc:subfield code="3">Google</marc:subfield><marc:subfield code="u">http://books.google.com/books?id=DVjDOzNrOdMC</marc:subfield></marc:datafield><marc:datafield tag="856" ind1="4" ind2=" "><marc:subfield code="3">Google</marc:subfield><marc:subfield code="u">http://books.google.com/books?id=IO_cltca8kcC</marc:subfield></marc:datafield><marc:datafield tag="856" ind1="4" ind2=" "><marc:subfield code="3">Google</marc:subfield><marc:subfield code="u">http://books.google.com/books?id=ZZJC5wjS1H4C</marc:subfield></marc:datafield><marc:datafield tag="856" ind1="4" ind2=" "><marc:subfield code="3">Google</marc:subfield><marc:subfield code="u">http://books.google.com/books?id=g3byDW-4ITkC</marc:subfield></marc:datafield><marc:datafield tag="856" ind1="4" ind2=" "><marc:subfield code="3">Google</marc:subfield><marc:subfield code="u">http://books.google.com/books?id=xCY_YQh-qFoC</marc:subfield></marc:datafield><marc:datafield tag="856" ind1="4" ind2=" "><marc:subfield code="3">Google</marc:subfield><marc:subfield code="u">http://books.google.com/books?id=2PzoICQ8kK0C</marc:subfield></marc:datafield><marc:datafield tag="856" ind1="4" ind2=" "><marc:subfield code="3">Google</marc:subfield><marc:subfield code="u">http://books.google.com/books?id=BvlPoZ_zIDsC</marc:subfield></marc:datafield><marc:datafield tag="856" ind1="4" ind2=" "><marc:subfield code="3">Google</marc:subfield><marc:subfield code="u">http://books.google.com/books?id=uBJfHk0zTQQC</marc:subfield></marc:datafield><marc:datafield tag="856" ind1="4" ind2=" "><marc:subfield code="3">Google</marc:subfield><marc:subfield code="u">http://books.google.com/books?id=RV5KKtUFLvoC</marc:subfield></marc:datafield><marc:datafield tag="856" ind1="4" ind2=" "><marc:subfield code="3">Google</marc:subfield><marc:subfield code="u">http://books.google.com/books?id=j42lavhAGcAC</marc:subfield></marc:datafield><marc:datafield tag="856" ind1="4" ind2=" "><marc:subfield code="3">Google</marc:subfield><marc:subfield code="u">http://books.google.com/books?id=8BvKMRdlQeEC</marc:subfield></marc:datafield><marc:datafield tag="856" ind1="4" ind2=" "><marc:subfield code="3">Google</marc:subfield><marc:subfield code="u">http://books.google.com/books?id=-qkD31GCl54C</marc:subfield></marc:datafield><marc:datafield tag="856" ind1="4" ind2=" "><marc:subfield code="3">Google</marc:subfield><marc:subfield code="u">http://books.google.com/books?id=ct0YDzFgnCkC</marc:subfield></marc:datafield><marc:datafield tag="856" ind1="4" ind2=" "><marc:subfield code="3">Google</marc:subfield><marc:subfield code="u">http://books.google.com/books?id=bfmjLx7b1FsC</marc:subfield></marc:datafield><marc:datafield tag="856" ind1="4" ind2=" "><marc:subfield code="3">Google</marc:subfield><marc:subfield code="u">http://books.google.com/books?id=5UMpih01qn4C</marc:subfield></marc:datafield><marc:datafield tag="856" ind1="4" ind2=" "><marc:subfield code="3">Google</marc:subfield><marc:subfield code="u">http://books.google.com/books?id=24EoLJUT_KgC</marc:subfield></marc:datafield><marc:datafield tag="856" ind1="4" ind2=" "><marc:subfield code="3">Google</marc:subfield><marc:subfield code="u">http://books.google.com/books?id=GlYIgCTarGoC</marc:subfield></marc:datafield><marc:datafield tag="856" ind1="4" ind2=" "><marc:subfield code="3">Google</marc:subfield><marc:subfield code="u">http://books.google.com/books?id=havhVs2d8fMC</marc:subfield></marc:datafield><marc:datafield tag="856" ind1="4" ind2=" "><marc:subfield code="3">Google</marc:subfield><marc:subfield code="u">http://books.google.com/books?id=RfnirU0U5CoC</marc:subfield></marc:datafield><marc:datafield tag="856" ind1="4" ind2=" "><marc:subfield code="3">Google</marc:subfield><marc:subfield code="u">http://books.google.com/books?id=IBpyaZqzL_QC</marc:subfield></marc:datafield><marc:datafield tag="856" ind1="4" ind2=" "><marc:subfield code="3">Google</marc:subfield><marc:subfield code="u">http://books.google.com/books?id=adGwQA_3z0QC</marc:subfield></marc:datafield><marc:datafield tag="856" ind1="4" ind2=" "><marc:subfield code="3">Google</marc:subfield><marc:subfield code="u">http://books.google.com/books?id=ElSvrSeuZVkC</marc:subfield></marc:datafield><marc:datafield tag="856" ind1="4" ind2=" "><marc:subfield code="3">Google</marc:subfield><marc:subfield code="u">http://books.google.com/books?id=GTEuCXLJb1gC</marc:subfield></marc:datafield><marc:datafield tag="856" ind1="4" ind2=" "><marc:subfield code="3">Google</marc:subfield><marc:subfield code="u">http://books.google.com/books?id=6jE-R5WflhEC</marc:subfield></marc:datafield><marc:datafield tag="856" ind1="4" ind2=" "><marc:subfield code="3">Google</marc:subfield><marc:subfield code="u">http://books.google.com/books?id=oQeVp4GNYs0C</marc:subfield></marc:datafield><marc:datafield tag="856" ind1="4" ind2=" "><marc:subfield code="3">Google</marc:subfield><marc:subfield code="u">http://books.google.com/books?id=wwnHhXjvVh8C</marc:subfield></marc:datafield><marc:datafield tag="856" ind1="4" ind2=" "><marc:subfield code="3">Google</marc:subfield><marc:subfield code="u">http://books.google.com/books?id=xdn-OV5XBSgC</marc:subfield></marc:datafield><marc:datafield tag="856" ind1="4" ind2=" "><marc:subfield code="3">Google</marc:subfield><marc:subfield code="u">http://books.google.com/books?id=P-yelPBn3FMC</marc:subfield></marc:datafield><marc:datafield tag="856" ind1="4" ind2=" "><marc:subfield code="3">Google</marc:subfield><marc:subfield code="u">http://books.google.com/books?id=ZdXS1GCcBwEC</marc:subfield></marc:datafield><marc:datafield tag="856" ind1="4" ind2=" "><marc:subfield code="3">Google</marc:subfield><marc:subfield code="u">http://books.google.com/books?id=4PU4lsGYrOAC</marc:subfield></marc:datafield><marc:datafield tag="856" ind1="4" ind2=" "><marc:subfield code="3">Google</marc:subfield><marc:subfield code="u">http://books.google.com/books?id=m4qdckv-hk4C</marc:subfield></marc:datafield><marc:datafield tag="856" ind1="4" ind2=" "><marc:subfield code="3">Google</marc:subfield><marc:subfield code="u">http://books.google.com/books?id=MJrSeHEbPn4C</marc:subfield></marc:datafield><marc:datafield tag="856" ind1="4" ind2=" "><marc:subfield code="3">Google</marc:subfield><marc:subfield code="u">http://books.google.com/books?id=2DIBii3GotEC</marc:subfield></marc:datafield><marc:datafield tag="856" ind1="4" ind2=" "><marc:subfield code="3">Google</marc:subfield><marc:subfield code="u">http://books.google.com/books?id=Z9tRg_igDjgC</marc:subfield></marc:datafield><marc:datafield tag="856" ind1="4" ind2=" "><marc:subfield code="3">Google</marc:subfield><marc:subfield code="u">http://books.google.com/books?id=1uqR08cCsBYC</marc:subfield></marc:datafield><marc:datafield tag="856" ind1="4" ind2=" "><marc:subfield code="3">Google</marc:subfield><marc:subfield code="u">http://books.google.com/books?id=PUI3FhgYdg0C</marc:subfield></marc:datafield><marc:datafield tag="856" ind1="4" ind2=" "><marc:subfield code="3">Google</marc:subfield><marc:subfield code="u">http://books.google.com/books?id=nk5wbFgxbAQC</marc:subfield></marc:datafield><marc:datafield tag="856" ind1="4" ind2=" "><marc:subfield code="3">Google</marc:subfield><marc:subfield code="u">http://books.google.com/books?id=znQE9sopmIIC</marc:subfield></marc:datafield><marc:datafield tag="856" ind1="4" ind2=" "><marc:subfield code="3">Google</marc:subfield><marc:subfield code="u">http://books.google.com/books?id=ZziAPEQ5iCYC</marc:subfield></marc:datafield><marc:datafield tag="856" ind1="4" ind2=" "><marc:subfield code="3">Google</marc:subfield><marc:subfield code="u">http://books.google.com/books?id=F50xLeBvXmIC</marc:subfield></marc:datafield><marc:datafield tag="856" ind1="4" ind2=" "><marc:subfield code="3">Google</marc:subfield><marc:subfield code="u">http://books.google.com/books?id=ICtO8zFVBAoC</marc:subfield></marc:datafield><marc:datafield tag="856" ind1="4" ind2=" "><marc:subfield code="3">Google</marc:subfield><marc:subfield code="u">http://books.google.com/books?id=De7Nf9wGjG0C</marc:subfield></marc:datafield><marc:datafield tag="856" ind1="4" ind2=" "><marc:subfield code="3">Google</marc:subfield><marc:subfield code="u">http://books.google.com/books?id=7y_f31dx3qEC</marc:subfield></marc:datafield><marc:datafield tag="856" ind1="4" ind2=" "><marc:subfield code="3">Google</marc:subfield><marc:subfield code="u">http://books.google.com/books?id=8yD4oIAAJ04C</marc:subfield></marc:datafield><marc:datafield tag="856" ind1="4" ind2=" "><marc:subfield code="3">Google</marc:subfield><marc:subfield code="u">http://books.google.com/books?id=aRYhZNLjw7sC</marc:subfield></marc:datafield><marc:datafield tag="856" ind1="4" ind2=" "><marc:subfield code="3">Google</marc:subfield><marc:subfield code="u">http://books.google.com/books?id=f9_PRCLV2wQC</marc:subfield></marc:datafield><marc:datafield tag="856" ind1="4" ind2=" "><marc:subfield code="3">Google</marc:subfield><marc:subfield code="u">http://books.google.com/books?id=b3fyygxp4YgC</marc:subfield></marc:datafield><marc:datafield tag="856" ind1="4" ind2=" "><marc:subfield code="3">Google</marc:subfield><marc:subfield code="u">http://books.google.com/books?id=btqdZi1GhyQC</marc:subfield></marc:datafield><marc:datafield tag="856" ind1="4" ind2=" "><marc:subfield code="3">Google</marc:subfield><marc:subfield code="u">http://books.google.com/books?id=TDZNg7bREQQC</marc:subfield></marc:datafield><marc:datafield tag="856" ind1="4" ind2=" "><marc:subfield code="3">Google</marc:subfield><marc:subfield code="u">http://books.google.com/books?id=nKtvof29rKoC</marc:subfield></marc:datafield><marc:datafield tag="856" ind1="4" ind2=" "><marc:subfield code="3">Google</marc:subfield><marc:subfield code="u">http://books.google.com/books?id=LesqcjEyOEkC</marc:subfield></marc:datafield><marc:datafield tag="856" ind1="4" ind2=" "><marc:subfield code="3">Google</marc:subfield><marc:subfield code="u">http://books.google.com/books?id=OhBwOnhNvTYC</marc:subfield></marc:datafield><marc:datafield tag="856" ind1="4" ind2=" "><marc:subfield code="3">Google</marc:subfield><marc:subfield code="u">http://books.google.com/books?id=b63Y-8g6hcAC</marc:subfield></marc:datafield><marc:datafield tag="856" ind1="4" ind2=" "><marc:subfield code="3">Google</marc:subfield><marc:subfield code="u">http://books.google.com/books?id=Oy4vnXMf9dcC</marc:subfield></marc:datafield><marc:datafield tag="856" ind1="4" ind2=" "><marc:subfield code="3">Google</marc:subfield><marc:subfield code="u">http://books.google.com/books?id=M3x7sfN3H2QC</marc:subfield></marc:datafield><marc:datafield tag="856" ind1="4" ind2=" "><marc:subfield code="3">Google</marc:subfield><marc:subfield code="u">http://books.google.com/books?id=wGdlEO3J77IC</marc:subfield></marc:datafield><marc:datafield tag="856" ind1="4" ind2=" "><marc:subfield code="3">Google</marc:subfield><marc:subfield code="u">http://books.google.com/books?id=ZcDZMH8B4f8C</marc:subfield></marc:datafield><marc:datafield tag="856" ind1="4" ind2=" "><marc:subfield code="3">Google</marc:subfield><marc:subfield code="u">http://books.google.com/books?id=K_O6c-YFQIMC</marc:subfield></marc:datafield><marc:datafield tag="856" ind1="4" ind2=" "><marc:subfield code="3">Google</marc:subfield><marc:subfield code="u">http://books.google.com/books?id=HK070qboMNQC</marc:subfield></marc:datafield><marc:datafield tag="856" ind1="4" ind2=" "><marc:subfield code="3">Google</marc:subfield><marc:subfield code="u">http://books.google.com/books?id=ZMErCuQykvkC</marc:subfield></marc:datafield><marc:datafield tag="856" ind1="4" ind2=" "><marc:subfield code="3">Google</marc:subfield><marc:subfield code="u">http://books.google.com/books?id=n4Q_W8V-mgsC</marc:subfield></marc:datafield><marc:datafield tag="856" ind1="4" ind2=" "><marc:subfield code="3">Google</marc:subfield><marc:subfield code="u">http://books.google.com/books?id=HhCsRtwbd58C</marc:subfield></marc:datafield><marc:datafield tag="856" ind1="4" ind2=" "><marc:subfield code="3">Google</marc:subfield><marc:subfield code="u">http://books.google.com/books?id=lbeqB4ozJGsC</marc:subfield></marc:datafield><marc:datafield tag="856" ind1="4" ind2=" "><marc:subfield code="3">Google</marc:subfield><marc:subfield code="u">http://books.google.com/books?id=wW4u_bKvg_EC</marc:subfield></marc:datafield><marc:datafield tag="856" ind1="4" ind2=" "><marc:subfield code="3">Google</marc:subfield><marc:subfield code="u">http://books.google.com/books?id=PLROkQkAu-gC</marc:subfield></marc:datafield><marc:datafield tag="856" ind1="4" ind2=" "><marc:subfield code="3">Google</marc:subfield><marc:subfield code="u">http://books.google.com/books?id=rGw8iilNa1oC</marc:subfield></marc:datafield><marc:datafield tag="856" ind1="4" ind2=" "><marc:subfield code="3">Google</marc:subfield><marc:subfield code="u">http://books.google.com/books?id=uWX3h4L8RgUC</marc:subfield></marc:datafield><marc:datafield tag="856" ind1="4" ind2=" "><marc:subfield code="3">Google</marc:subfield><marc:subfield code="u">http://books.google.com/books?id=FbqU7yvzQ_MC</marc:subfield></marc:datafield><marc:datafield tag="856" ind1="4" ind2=" "><marc:subfield code="3">Google</marc:subfield><marc:subfield code="u">http://books.google.com/books?id=QQXNOEvtF3cC</marc:subfield></marc:datafield><marc:datafield tag="856" ind1="4" ind2=" "><marc:subfield code="3">Google</marc:subfield><marc:subfield code="u">http://books.google.com/books?id=fHEa8XDOp2EC</marc:subfield></marc:datafield><marc:datafield tag="856" ind1="4" ind2=" "><marc:subfield code="3">Google</marc:subfield><marc:subfield code="u">http://books.google.com/books?id=ET5R9VIH6TEC</marc:subfield></marc:datafield><marc:datafield tag="856" ind1="4" ind2=" "><marc:subfield code="3">Google</marc:subfield><marc:subfield code="u">http://books.google.com/books?id=l08Lwh8v91YC</marc:subfield></marc:datafield><marc:datafield tag="856" ind1="4" ind2=" "><marc:subfield code="3">Google</marc:subfield><marc:subfield code="u">http://books.google.com/books?id=ggcW90AKBzUC</marc:subfield></marc:datafield><marc:datafield tag="856" ind1="4" ind2=" "><marc:subfield code="3">Google</marc:subfield><marc:subfield code="u">http://books.google.com/books?id=OkbIF_OyhBYC</marc:subfield></marc:datafield><marc:datafield tag="856" ind1="4" ind2=" "><marc:subfield code="3">Google</marc:subfield><marc:subfield code="u">http://books.google.com/books?id=e3L8Ydwv2wwC</marc:subfield></marc:datafield><marc:datafield tag="856" ind1="4" ind2=" "><marc:subfield code="3">Google</marc:subfield><marc:subfield code="u">http://books.google.com/books?id=KiPxwCj56BkC</marc:subfield></marc:datafield><marc:datafield tag="856" ind1="4" ind2=" "><marc:subfield code="3">Google</marc:subfield><marc:subfield code="u">http://books.google.com/books?id=UJUHD9VaEbkC</marc:subfield></marc:datafield><marc:datafield tag="856" ind1="4" ind2=" "><marc:subfield code="3">Google</marc:subfield><marc:subfield code="u">http://books.google.com/books?id=Ub8GQce5_NoC</marc:subfield></marc:datafield><marc:datafield tag="856" ind1="4" ind2=" "><marc:subfield code="3">Google</marc:subfield><marc:subfield code="u">http://books.google.com/books?id=BqCrqgen7noC</marc:subfield></marc:datafield><marc:datafield tag="856" ind1="4" ind2=" "><marc:subfield code="3">Google</marc:subfield><marc:subfield code="u">http://books.google.com/books?id=dslmun3BnS8C</marc:subfield></marc:datafield><marc:datafield tag="856" ind1="4" ind2=" "><marc:subfield code="3">Google</marc:subfield><marc:subfield code="u">http://books.google.com/books?id=-ar_ovyqGzYC</marc:subfield></marc:datafield><marc:datafield tag="856" ind1="4" ind2=" "><marc:subfield code="3">Google</marc:subfield><marc:subfield code="u">http://books.google.com/books?id=ZNnX0m7bx6kC</marc:subfield></marc:datafield><marc:datafield tag="856" ind1="4" ind2=" "><marc:subfield code="3">Google</marc:subfield><marc:subfield code="u">http://books.google.com/books?id=WGz644B5DkkC</marc:subfield></marc:datafield><marc:datafield tag="856" ind1="4" ind2=" "><marc:subfield code="3">Google</marc:subfield><marc:subfield code="u">http://books.google.com/books?id=yfbqQkuhcloC</marc:subfield></marc:datafield><marc:datafield tag="856" ind1="4" ind2=" "><marc:subfield code="3">Google</marc:subfield><marc:subfield code="u">http://books.google.com/books?id=cRoGi0GD6MkC</marc:subfield></marc:datafield><marc:datafield tag="856" ind1="4" ind2=" "><marc:subfield code="3">Google</marc:subfield><marc:subfield code="u">http://books.google.com/books?id=P1VvF7MYnRAC</marc:subfield></marc:datafield><marc:datafield tag="856" ind1="4" ind2=" "><marc:subfield code="3">Google</marc:subfield><marc:subfield code="u">http://books.google.com/books?id=9m_HFugWCaUC</marc:subfield></marc:datafield><marc:datafield tag="856" ind1="4" ind2=" "><marc:subfield code="3">Google</marc:subfield><marc:subfield code="u">http://books.google.com/books?id=lgGKvyl4i10C</marc:subfield></marc:datafield><marc:datafield tag="856" ind1="4" ind2=" "><marc:subfield code="3">Google</marc:subfield><marc:subfield code="u">http://books.google.com/books?id=vdD_IOV08ioC</marc:subfield></marc:datafield><marc:datafield tag="856" ind1="4" ind2=" "><marc:subfield code="3">Google</marc:subfield><marc:subfield code="u">http://books.google.com/books?id=CyLu_p2Tog8C</marc:subfield></marc:datafield><marc:datafield tag="856" ind1="4" ind2=" "><marc:subfield code="3">Google</marc:subfield><marc:subfield code="u">http://books.google.com/books?id=CW1jHWtwNfIC</marc:subfield></marc:datafield><marc:datafield tag="856" ind1="4" ind2=" "><marc:subfield code="3">Google</marc:subfield><marc:subfield code="u">http://books.google.com/books?id=H1BRCNjyVi4C</marc:subfield></marc:datafield><marc:datafield tag="856" ind1="4" ind2=" "><marc:subfield code="3">Google</marc:subfield><marc:subfield code="u">http://books.google.com/books?id=Q1vJ84TrKKMC</marc:subfield></marc:datafield><marc:datafield tag="856" ind1="4" ind2=" "><marc:subfield code="3">Google</marc:subfield><marc:subfield code="u">http://books.google.com/books?id=y0MPKMJQuDkC</marc:subfield></marc:datafield><marc:datafield tag="856" ind1="4" ind2=" "><marc:subfield code="3">Google</marc:subfield><marc:subfield code="u">http://books.google.com/books?id=EKLe6xIqfwkC</marc:subfield></marc:datafield><marc:datafield tag="856" ind1="4" ind2=" "><marc:subfield code="3">Google</marc:subfield><marc:subfield code="u">http://books.google.com/books?id=cAjyozj6NvYC</marc:subfield></marc:datafield><marc:datafield tag="856" ind1="4" ind2=" "><marc:subfield code="3">Google</marc:subfield><marc:subfield code="u">http://books.google.com/books?id=ZgPVA6EnZdAC</marc:subfield></marc:datafield><marc:datafield tag="856" ind1="4" ind2=" "><marc:subfield code="3">Google</marc:subfield><marc:subfield code="u">http://books.google.com/books?id=cSW6lcXEcNwC</marc:subfield></marc:datafield><marc:datafield tag="856" ind1="4" ind2=" "><marc:subfield code="3">Google</marc:subfield><marc:subfield code="u">http://books.google.com/books?id=CtTUEBawiN8C</marc:subfield></marc:datafield><marc:datafield tag="856" ind1="4" ind2=" "><marc:subfield code="3">Google</marc:subfield><marc:subfield code="u">http://books.google.com/books?id=ilX217UiHTYC</marc:subfield></marc:datafield><marc:datafield tag="856" ind1="4" ind2=" "><marc:subfield code="3">Google</marc:subfield><marc:subfield code="u">http://books.google.com/books?id=ZcKIIjEoLuYC</marc:subfield></marc:datafield><marc:datafield tag="856" ind1="4" ind2=" "><marc:subfield code="3">Google</marc:subfield><marc:subfield code="u">http://books.google.com/books?id=7gQ8HvosdCwC</marc:subfield></marc:datafield><marc:datafield tag="856" ind1="4" ind2=" "><marc:subfield code="3">Google</marc:subfield><marc:subfield code="u">http://books.google.com/books?id=h8o4SvzrBjYC</marc:subfield></marc:datafield><marc:datafield tag="856" ind1="4" ind2=" "><marc:subfield code="3">Google</marc:subfield><marc:subfield code="u">http://books.google.com/books?id=g4AqlRRcA2UC</marc:subfield></marc:datafield><marc:datafield tag="856" ind1="4" ind2=" "><marc:subfield code="3">Google</marc:subfield><marc:subfield code="u">http://books.google.com/books?id=mNsVDss7RqkC</marc:subfield></marc:datafield><marc:datafield tag="856" ind1="4" ind2=" "><marc:subfield code="3">Google</marc:subfield><marc:subfield code="u">http://books.google.com/books?id=bwhAb5vJ5nwC</marc:subfield></marc:datafield><marc:datafield tag="856" ind1="4" ind2=" "><marc:subfield code="3">Google</marc:subfield><marc:subfield code="u">http://books.google.com/books?id=BPVIbckPrHUC</marc:subfield></marc:datafield><marc:datafield tag="856" ind1="4" ind2=" "><marc:subfield code="3">Google</marc:subfield><marc:subfield code="u">http://books.google.com/books?id=qnE6eaZPwM0C</marc:subfield></marc:datafield><marc:datafield tag="856" ind1="4" ind2=" "><marc:subfield code="3">Google</marc:subfield><marc:subfield code="u">http://books.google.com/books?id=xJAeEELbNoEC</marc:subfield></marc:datafield><marc:datafield tag="856" ind1="4" ind2=" "><marc:subfield code="3">Google</marc:subfield><marc:subfield code="u">http://books.google.com/books?id=YYkJiKuXf98C</marc:subfield></marc:datafield><marc:datafield tag="856" ind1="4" ind2=" "><marc:subfield code="3">Google</marc:subfield><marc:subfield code="u">http://books.google.com/books?id=G83FbZ4Wa04C</marc:subfield></marc:datafield><marc:datafield tag="856" ind1="4" ind2=" "><marc:subfield code="3">Google</marc:subfield><marc:subfield code="u">http://books.google.com/books?id=ul6zYz0vpyQC</marc:subfield></marc:datafield><marc:datafield tag="856" ind1="4" ind2=" "><marc:subfield code="3">Google</marc:subfield><marc:subfield code="u">http://books.google.com/books?id=6763QeXLR8wC</marc:subfield></marc:datafield><marc:datafield tag="856" ind1="4" ind2=" "><marc:subfield code="3">Google</marc:subfield><marc:subfield code="u">http://books.google.com/books?id=hA1BFu4RkT0C</marc:subfield></marc:datafield><marc:datafield tag="856" ind1="4" ind2=" "><marc:subfield code="3">Google</marc:subfield><marc:subfield code="u">http://books.google.com/books?id=nJ1olhOGa2sC</marc:subfield></marc:datafield><marc:datafield tag="856" ind1="4" ind2=" "><marc:subfield code="3">Google</marc:subfield><marc:subfield code="u">http://books.google.com/books?id=xBUa0j3XUKUC</marc:subfield></marc:datafield><marc:datafield tag="856" ind1="4" ind2=" "><marc:subfield code="3">Google</marc:subfield><marc:subfield code="u">http://books.google.com/books?id=POhQYrybtLYC</marc:subfield></marc:datafield><marc:datafield tag="856" ind1="4" ind2=" "><marc:subfield code="3">Google</marc:subfield><marc:subfield code="u">http://books.google.com/books?id=k6CmYF3MA2QC</marc:subfield></marc:datafield><marc:datafield tag="856" ind1="4" ind2=" "><marc:subfield code="3">Google</marc:subfield><marc:subfield code="u">http://books.google.com/books?id=AQyly40G_BMC</marc:subfield></marc:datafield><marc:datafield tag="856" ind1="4" ind2=" "><marc:subfield code="3">Google</marc:subfield><marc:subfield code="u">http://books.google.com/books?id=M_MbIIX8mYUC</marc:subfield></marc:datafield><marc:datafield tag="856" ind1="4" ind2=" "><marc:subfield code="3">Google</marc:subfield><marc:subfield code="u">http://books.google.com/books?id=26LYkJsfUr0C</marc:subfield></marc:datafield><marc:datafield tag="856" ind1="4" ind2=" "><marc:subfield code="3">Google</marc:subfield><marc:subfield code="u">http://books.google.com/books?id=9Mqt9Crqn20C</marc:subfield></marc:datafield><marc:datafield tag="856" ind1="4" ind2=" "><marc:subfield code="3">Google</marc:subfield><marc:subfield code="u">http://books.google.com/books?id=Ews4Yb0l2a0C</marc:subfield></marc:datafield><marc:datafield tag="856" ind1="4" ind2=" "><marc:subfield code="3">Google</marc:subfield><marc:subfield code="u">http://books.google.com/books?id=G5ukf8Z4H_0C</marc:subfield></marc:datafield><marc:datafield tag="856" ind1="4" ind2=" "><marc:subfield code="3">Google</marc:subfield><marc:subfield code="u">http://books.google.com/books?id=Xb5cJmexAcsC</marc:subfield></marc:datafield><marc:datafield tag="856" ind1="4" ind2=" "><marc:subfield code="3">Google</marc:subfield><marc:subfield code="u">http://books.google.com/books?id=DJgCLhgPaY4C</marc:subfield></marc:datafield><marc:datafield tag="856" ind1="4" ind2=" "><marc:subfield code="3">Google</marc:subfield><marc:subfield code="u">http://books.google.com/books?id=0snHE_KRrv0C</marc:subfield></marc:datafield><marc:datafield tag="856" ind1="4" ind2=" "><marc:subfield code="3">Google</marc:subfield><marc:subfield code="u">http://books.google.com/books?id=Iuc1t-3fMa4C</marc:subfield></marc:datafield><marc:datafield tag="856" ind1="4" ind2=" "><marc:subfield code="3">Google</marc:subfield><marc:subfield code="u">http://books.google.com/books?id=sYTOedAVP88C</marc:subfield></marc:datafield><marc:datafield tag="856" ind1="4" ind2=" "><marc:subfield code="3">Google</marc:subfield><marc:subfield code="u">http://books.google.com/books?id=TOYVKutogicC</marc:subfield></marc:datafield><marc:datafield tag="856" ind1="4" ind2=" "><marc:subfield code="3">Google</marc:subfield><marc:subfield code="u">http://books.google.com/books?id=Z5R3wnGbjckC</marc:subfield></marc:datafield><marc:datafield tag="856" ind1="4" ind2=" "><marc:subfield code="3">Google</marc:subfield><marc:subfield code="u">http://books.google.com/books?id=sS60YypKXakC</marc:subfield></marc:datafield><marc:datafield tag="856" ind1="4" ind2=" "><marc:subfield code="3">Google</marc:subfield><marc:subfield code="u">http://books.google.com/books?id=llPL-mASYfcC</marc:subfield></marc:datafield><marc:datafield tag="856" ind1="4" ind2=" "><marc:subfield code="3">Google</marc:subfield><marc:subfield code="u">http://books.google.com/books?id=EsHSkLb9cJsC</marc:subfield></marc:datafield><marc:datafield tag="856" ind1="4" ind2=" "><marc:subfield code="3">Google</marc:subfield><marc:subfield code="u">http://books.google.com/books?id=Hf9SxauxBIQC</marc:subfield></marc:datafield><marc:datafield tag="856" ind1="4" ind2=" "><marc:subfield code="3">Google</marc:subfield><marc:subfield code="u">http://books.google.com/books?id=uYpyWHbNs1MC</marc:subfield></marc:datafield><marc:datafield tag="856" ind1="4" ind2=" "><marc:subfield code="3">Google</marc:subfield><marc:subfield code="u">http://books.google.com/books?id=HYUMsPkhL8EC</marc:subfield></marc:datafield><marc:datafield tag="856" ind1="4" ind2=" "><marc:subfield code="3">Google</marc:subfield><marc:subfield code="u">http://books.google.com/books?id=EkPc_20d4csC</marc:subfield></marc:datafield><marc:datafield tag="856" ind1="4" ind2=" "><marc:subfield code="3">Google</marc:subfield><marc:subfield code="u">http://books.google.com/books?id=542hAI4noE0C</marc:subfield></marc:datafield><marc:datafield tag="856" ind1="4" ind2=" "><marc:subfield code="3">Google</marc:subfield><marc:subfield code="u">http://books.google.com/books?id=PJL53OXmm2QC</marc:subfield></marc:datafield><marc:datafield tag="856" ind1="4" ind2=" "><marc:subfield code="3">Google</marc:subfield><marc:subfield code="u">http://books.google.com/books?id=Se1W9noASu0C</marc:subfield></marc:datafield><marc:datafield tag="856" ind1="4" ind2=" "><marc:subfield code="3">Google</marc:subfield><marc:subfield code="u">http://books.google.com/books?id=vihcNwo7k8EC</marc:subfield></marc:datafield><marc:datafield tag="856" ind1="4" ind2=" "><marc:subfield code="3">Google</marc:subfield><marc:subfield code="u">http://books.google.com/books?id=ZXQmOvpOXrgC</marc:subfield></marc:datafield><marc:datafield tag="856" ind1="4" ind2=" "><marc:subfield code="3">Google</marc:subfield><marc:subfield code="u">http://books.google.com/books?id=UkhDd9lBnYsC</marc:subfield></marc:datafield><marc:datafield tag="856" ind1="4" ind2=" "><marc:subfield code="3">Google</marc:subfield><marc:subfield code="u">http://books.google.com/books?id=jUZ3W_p4AycC</marc:subfield></marc:datafield><marc:datafield tag="856" ind1="4" ind2=" "><marc:subfield code="3">Google</marc:subfield><marc:subfield code="u">http://books.google.com/books?id=vQIUZSq_r28C</marc:subfield></marc:datafield><marc:datafield tag="856" ind1="4" ind2=" "><marc:subfield code="3">Google</marc:subfield><marc:subfield code="u">http://books.google.com/books?id=IcuXmJ-eOJsC</marc:subfield></marc:datafield><marc:datafield tag="856" ind1="4" ind2=" "><marc:subfield code="3">Google</marc:subfield><marc:subfield code="u">http://books.google.com/books?id=Ys5MflrMrCkC</marc:subfield></marc:datafield><marc:datafield tag="856" ind1="4" ind2=" "><marc:subfield code="3">Google</marc:subfield><marc:subfield code="u">http://books.google.com/books?id=QjWxgeitG7QC</marc:subfield></marc:datafield><marc:datafield tag="856" ind1="4" ind2=" "><marc:subfield code="3">Google</marc:subfield><marc:subfield code="u">http://books.google.com/books?id=1EA9hvBZMLQC</marc:subfield></marc:datafield><marc:datafield tag="856" ind1="4" ind2=" "><marc:subfield code="3">Google</marc:subfield><marc:subfield code="u">http://books.google.com/books?id=7WHtJdzlaHYC</marc:subfield></marc:datafield><marc:datafield tag="856" ind1="4" ind2=" "><marc:subfield code="3">Google</marc:subfield><marc:subfield code="u">http://books.google.com/books?id=bZT0m4z-CKQC</marc:subfield></marc:datafield><marc:datafield tag="856" ind1="4" ind2=" "><marc:subfield code="3">Google</marc:subfield><marc:subfield code="u">http://books.google.com/books?id=3DrioXG_weYC</marc:subfield></marc:datafield><marc:datafield tag="856" ind1="4" ind2=" "><marc:subfield code="3">Google</marc:subfield><marc:subfield code="u">http://books.google.com/books?id=EIHzzB330JEC</marc:subfield></marc:datafield><marc:datafield tag="856" ind1="4" ind2=" "><marc:subfield code="3">Google</marc:subfield><marc:subfield code="u">http://books.google.com/books?id=b6Wx754DWxcC</marc:subfield></marc:datafield><marc:datafield tag="856" ind1="4" ind2=" "><marc:subfield code="3">Google</marc:subfield><marc:subfield code="u">http://books.google.com/books?id=tLO4Bj6LxMoC</marc:subfield></marc:datafield><marc:datafield tag="856" ind1="4" ind2=" "><marc:subfield code="3">Google</marc:subfield><marc:subfield code="u">http://books.google.com/books?id=Iy-snghY8SEC</marc:subfield></marc:datafield><marc:datafield tag="856" ind1="4" ind2=" "><marc:subfield code="3">Google</marc:subfield><marc:subfield code="u">http://books.google.com/books?id=945-GhGmvAoC</marc:subfield></marc:datafield><marc:datafield tag="856" ind1="4" ind2=" "><marc:subfield code="3">Google</marc:subfield><marc:subfield code="u">http://books.google.com/books?id=mVlkUOYTJysC</marc:subfield></marc:datafield><marc:datafield tag="856" ind1="4" ind2=" "><marc:subfield code="3">Google</marc:subfield><marc:subfield code="u">http://books.google.com/books?id=dNSuyHgmZfsC</marc:subfield></marc:datafield><marc:datafield tag="856" ind1="4" ind2=" "><marc:subfield code="3">Google</marc:subfield><marc:subfield code="u">http://books.google.com/books?id=YdXlQ6aDhXQC</marc:subfield></marc:datafield><marc:datafield tag="856" ind1="4" ind2=" "><marc:subfield code="3">Google</marc:subfield><marc:subfield code="u">http://books.google.com/books?id=oAhALPPoaLIC</marc:subfield></marc:datafield><marc:datafield tag="856" ind1="4" ind2=" "><marc:subfield code="3">Google</marc:subfield><marc:subfield code="u">http://books.google.com/books?id=UScOpJuJmtcC</marc:subfield></marc:datafield><marc:datafield tag="856" ind1="4" ind2=" "><marc:subfield code="3">Google</marc:subfield><marc:subfield code="u">http://books.google.com/books?id=WqhaLTFWs2kC</marc:subfield></marc:datafield><marc:datafield tag="856" ind1="4" ind2=" "><marc:subfield code="3">Google</marc:subfield><marc:subfield code="u">http://books.google.com/books?id=ye_O5i45ZCcC</marc:subfield></marc:datafield><marc:datafield tag="856" ind1="4" ind2=" "><marc:subfield code="3">Google</marc:subfield><marc:subfield code="u">http://books.google.com/books?id=ksm582cpvnUC</marc:subfield></marc:datafield><marc:datafield tag="856" ind1="4" ind2=" "><marc:subfield code="3">Google</marc:subfield><marc:subfield code="u">http://books.google.com/books?id=wo9F7A7C6dgC</marc:subfield></marc:datafield><marc:datafield tag="856" ind1="4" ind2=" "><marc:subfield code="3">Google</marc:subfield><marc:subfield code="u">http://books.google.com/books?id=NWVEH7ldAGAC</marc:subfield></marc:datafield><marc:datafield tag="856" ind1="4" ind2=" "><marc:subfield code="3">Google</marc:subfield><marc:subfield code="u">http://books.google.com/books?id=zGmZHmBslsIC</marc:subfield></marc:datafield><marc:datafield tag="856" ind1="4" ind2=" "><marc:subfield code="3">Google</marc:subfield><marc:subfield code="u">http://books.google.com/books?id=CN6eGNAgSBcC</marc:subfield></marc:datafield><marc:datafield tag="856" ind1="4" ind2=" "><marc:subfield code="3">Google</marc:subfield><marc:subfield code="u">http://books.google.com/books?id=61u6aS54tBoC</marc:subfield></marc:datafield><marc:datafield tag="856" ind1="4" ind2=" "><marc:subfield code="3">Google</marc:subfield><marc:subfield code="u">http://books.google.com/books?id=2NH8Ek7Y2ngC</marc:subfield></marc:datafield><marc:datafield tag="856" ind1="4" ind2=" "><marc:subfield code="3">Google</marc:subfield><marc:subfield code="u">http://books.google.com/books?id=FlU2rrydTzoC</marc:subfield></marc:datafield><marc:datafield tag="856" ind1="4" ind2=" "><marc:subfield code="3">Google</marc:subfield><marc:subfield code="u">http://books.google.com/books?id=5DrAOmYvX2YC</marc:subfield></marc:datafield><marc:datafield tag="856" ind1="4" ind2=" "><marc:subfield code="3">Google</marc:subfield><marc:subfield code="u">http://books.google.com/books?id=7Nej7B0q32sC</marc:subfield></marc:datafield><marc:datafield tag="856" ind1="4" ind2=" "><marc:subfield code="3">Google</marc:subfield><marc:subfield code="u">http://books.google.com/books?id=KZ-hzAn3XP4C</marc:subfield></marc:datafield><marc:datafield tag="856" ind1="4" ind2=" "><marc:subfield code="3">Google</marc:subfield><marc:subfield code="u">http://books.google.com/books?id=JhJ--M-yM10C</marc:subfield></marc:datafield><marc:datafield tag="856" ind1="4" ind2=" "><marc:subfield code="3">Google</marc:subfield><marc:subfield code="u">http://books.google.com/books?id=Gkq65ZUd7kAC</marc:subfield></marc:datafield><marc:datafield tag="856" ind1="4" ind2=" "><marc:subfield code="3">Google</marc:subfield><marc:subfield code="u">http://books.google.com/books?id=aWnNnWC61SMC</marc:subfield></marc:datafield><marc:datafield tag="856" ind1="4" ind2=" "><marc:subfield code="3">Google</marc:subfield><marc:subfield code="u">http://books.google.com/books?id=9HWCodi6kGgC</marc:subfield></marc:datafield><marc:datafield tag="856" ind1="4" ind2=" "><marc:subfield code="3">Google</marc:subfield><marc:subfield code="u">http://books.google.com/books?id=Nc2iz_i8Na4C</marc:subfield></marc:datafield><marc:datafield tag="856" ind1="4" ind2=" "><marc:subfield code="3">Google</marc:subfield><marc:subfield code="u">http://books.google.com/books?id=FysK0Pc1SzMC</marc:subfield></marc:datafield><marc:datafield tag="856" ind1="4" ind2=" "><marc:subfield code="3">Google</marc:subfield><marc:subfield code="u">http://books.google.com/books?id=ceGlRFtkJyAC</marc:subfield></marc:datafield><marc:datafield tag="856" ind1="4" ind2=" "><marc:subfield code="3">Google</marc:subfield><marc:subfield code="u">http://books.google.com/books?id=lIzGcB3TIIAC</marc:subfield></marc:datafield><marc:datafield tag="856" ind1="4" ind2=" "><marc:subfield code="3">Google</marc:subfield><marc:subfield code="u">http://books.google.com/books?id=--62QjzRYMcC</marc:subfield></marc:datafield><marc:datafield tag="856" ind1="4" ind2=" "><marc:subfield code="3">Google</marc:subfield><marc:subfield code="u">http://books.google.com/books?id=kcDJOaAZsX4C</marc:subfield></marc:datafield><marc:datafield tag="856" ind1="4" ind2=" "><marc:subfield code="3">Google</marc:subfield><marc:subfield code="u">http://books.google.com/books?id=d6R302JdwYAC</marc:subfield></marc:datafield><marc:datafield tag="856" ind1="4" ind2=" "><marc:subfield code="3">Google</marc:subfield><marc:subfield code="u">http://books.google.com/books?id=PDZ0qI3FU48C</marc:subfield></marc:datafield><marc:datafield tag="856" ind1="4" ind2=" "><marc:subfield code="3">Google</marc:subfield><marc:subfield code="u">http://books.google.com/books?id=5N0DnQMDHNAC</marc:subfield></marc:datafield><marc:datafield tag="856" ind1="4" ind2=" "><marc:subfield code="3">Google</marc:subfield><marc:subfield code="u">http://books.google.com/books?id=SRDnPFAYm8cC</marc:subfield></marc:datafield><marc:datafield tag="856" ind1="4" ind2=" "><marc:subfield code="3">Google</marc:subfield><marc:subfield code="u">http://books.google.com/books?id=H_PrHKn6JzgC</marc:subfield></marc:datafield><marc:datafield tag="856" ind1="4" ind2=" "><marc:subfield code="3">Google</marc:subfield><marc:subfield code="u">http://books.google.com/books?id=xOpjunetkxcC</marc:subfield></marc:datafield><marc:datafield tag="856" ind1="4" ind2=" "><marc:subfield code="3">Google</marc:subfield><marc:subfield code="u">http://books.google.com/books?id=zRu1BLXdGDMC</marc:subfield></marc:datafield><marc:datafield tag="856" ind1="4" ind2=" "><marc:subfield code="3">Google</marc:subfield><marc:subfield code="u">http://books.google.com/books?id=n3N6L5jidf4C</marc:subfield></marc:datafield><marc:datafield tag="856" ind1="4" ind2=" "><marc:subfield code="3">Google</marc:subfield><marc:subfield code="u">http://books.google.com/books?id=cLbtPW5xgaYC</marc:subfield></marc:datafield><marc:datafield tag="856" ind1="4" ind2=" "><marc:subfield code="3">Google</marc:subfield><marc:subfield code="u">http://books.google.com/books?id=GUuOG2YQO3oC</marc:subfield></marc:datafield><marc:datafield tag="856" ind1="4" ind2=" "><marc:subfield code="3">Google</marc:subfield><marc:subfield code="u">http://books.google.com/books?id=5Cz9BE8gwD4C</marc:subfield></marc:datafield><marc:datafield tag="856" ind1="4" ind2=" "><marc:subfield code="3">Google</marc:subfield><marc:subfield code="u">http://books.google.com/books?id=fb8MlZS2MjoC</marc:subfield></marc:datafield><marc:datafield tag="856" ind1="4" ind2=" "><marc:subfield code="3">Google</marc:subfield><marc:subfield code="u">http://books.google.com/books?id=u2YJnBbFNDkC</marc:subfield></marc:datafield><marc:datafield tag="856" ind1="4" ind2=" "><marc:subfield code="3">Google</marc:subfield><marc:subfield code="u">http://books.google.com/books?id=msGTBn0vBt0C</marc:subfield></marc:datafield><marc:datafield tag="856" ind1="4" ind2=" "><marc:subfield code="3">Google</marc:subfield><marc:subfield code="u">http://books.google.com/books?id=ml16fxIpkzcC</marc:subfield></marc:datafield><marc:datafield tag="856" ind1="4" ind2=" "><marc:subfield code="3">Google</marc:subfield><marc:subfield code="u">http://books.google.com/books?id=7--9Osb-sVgC</marc:subfield></marc:datafield><marc:datafield tag="856" ind1="4" ind2=" "><marc:subfield code="3">Google</marc:subfield><marc:subfield code="u">http://books.google.com/books?id=PYdJ_cy-pY0C</marc:subfield></marc:datafield><marc:datafield tag="856" ind1="4" ind2=" "><marc:subfield code="3">Google</marc:subfield><marc:subfield code="u">http://books.google.com/books?id=ummE0gjl-kMC</marc:subfield></marc:datafield><marc:datafield tag="856" ind1="4" ind2=" "><marc:subfield code="3">Google</marc:subfield><marc:subfield code="u">http://books.google.com/books?id=Nuz6gC3Z-pUC</marc:subfield></marc:datafield><marc:datafield tag="856" ind1="4" ind2=" "><marc:subfield code="3">Google</marc:subfield><marc:subfield code="u">http://books.google.com/books?id=jPWthp2eCOQC</marc:subfield></marc:datafield><marc:datafield tag="856" ind1="4" ind2=" "><marc:subfield code="3">Google</marc:subfield><marc:subfield code="u">http://books.google.com/books?id=Tjcba8PNqRQC</marc:subfield></marc:datafield><marc:datafield tag="856" ind1="4" ind2=" "><marc:subfield code="3">Google</marc:subfield><marc:subfield code="u">http://books.google.com/books?id=E6D0rhbZfzQC</marc:subfield></marc:datafield><marc:datafield tag="856" ind1="4" ind2=" "><marc:subfield code="3">Google</marc:subfield><marc:subfield code="u">http://books.google.com/books?id=_Wsm4ansltoC</marc:subfield></marc:datafield><marc:datafield tag="856" ind1="4" ind2=" "><marc:subfield code="3">Google</marc:subfield><marc:subfield code="u">http://books.google.com/books?id=Wh06Z4hqG5EC</marc:subfield></marc:datafield><marc:datafield tag="856" ind1="4" ind2=" "><marc:subfield code="3">Google</marc:subfield><marc:subfield code="u">http://books.google.com/books?id=AfxhbL6pul4C</marc:subfield></marc:datafield><marc:datafield tag="856" ind1="4" ind2=" "><marc:subfield code="3">Google</marc:subfield><marc:subfield code="u">http://books.google.com/books?id=dkdyK-FXjqMC</marc:subfield></marc:datafield><marc:datafield tag="856" ind1="4" ind2=" "><marc:subfield code="3">Google</marc:subfield><marc:subfield code="u">http://books.google.com/books?id=Z0n2DBCcB6IC</marc:subfield></marc:datafield><marc:datafield tag="856" ind1="4" ind2=" "><marc:subfield code="3">Google</marc:subfield><marc:subfield code="u">http://books.google.com/books?id=8bNOyijkBTMC</marc:subfield></marc:datafield><marc:datafield tag="856" ind1="4" ind2=" "><marc:subfield code="3">Google</marc:subfield><marc:subfield code="u">http://books.google.com/books?id=wHhbE6mAdaYC</marc:subfield></marc:datafield><marc:datafield tag="856" ind1="4" ind2=" "><marc:subfield code="3">Google</marc:subfield><marc:subfield code="u">http://books.google.com/books?id=g7VSQnTOdPMC</marc:subfield></marc:datafield><marc:datafield tag="856" ind1="4" ind2=" "><marc:subfield code="3">Google</marc:subfield><marc:subfield code="u">http://books.google.com/books?id=nExF7T2alT8C</marc:subfield></marc:datafield><marc:datafield tag="856" ind1="4" ind2=" "><marc:subfield code="3">Google</marc:subfield><marc:subfield code="u">http://books.google.com/books?id=hHhClFuGj5sC</marc:subfield></marc:datafield><marc:datafield tag="856" ind1="4" ind2=" "><marc:subfield code="3">Google</marc:subfield><marc:subfield code="u">http://books.google.com/books?id=xVY0wyCEfQwC</marc:subfield></marc:datafield><marc:datafield tag="856" ind1="4" ind2=" "><marc:subfield code="3">Google</marc:subfield><marc:subfield code="u">http://books.google.com/books?id=0lSKAvm_BIsC</marc:subfield></marc:datafield><marc:datafield tag="856" ind1="4" ind2=" "><marc:subfield code="3">Google</marc:subfield><marc:subfield code="u">http://books.google.com/books?id=WUTsEwBxo6oC</marc:subfield></marc:datafield><marc:datafield tag="856" ind1="4" ind2=" "><marc:subfield code="3">Google</marc:subfield><marc:subfield code="u">http://books.google.com/books?id=Gi-unAtC9rAC</marc:subfield></marc:datafield><marc:datafield tag="856" ind1="4" ind2=" "><marc:subfield code="3">Google</marc:subfield><marc:subfield code="u">http://books.google.com/books?id=NwsQhUEkLqAC</marc:subfield></marc:datafield><marc:datafield tag="856" ind1="4" ind2=" "><marc:subfield code="3">Google</marc:subfield><marc:subfield code="u">http://books.google.com/books?id=tnKIHt4rwNoC</marc:subfield></marc:datafield><marc:datafield tag="856" ind1="4" ind2=" "><marc:subfield code="3">Google</marc:subfield><marc:subfield code="u">http://books.google.com/books?id=ZqJstlctLHAC</marc:subfield></marc:datafield><marc:datafield tag="856" ind1="4" ind2=" "><marc:subfield code="3">Google</marc:subfield><marc:subfield code="u">http://books.google.com/books?id=CpHlCQkO9TIC</marc:subfield></marc:datafield><marc:datafield tag="856" ind1="4" ind2=" "><marc:subfield code="3">Google</marc:subfield><marc:subfield code="u">http://books.google.com/books?id=ZmGAxfDiCAkC</marc:subfield></marc:datafield><marc:datafield tag="856" ind1="4" ind2=" "><marc:subfield code="3">Google</marc:subfield><marc:subfield code="u">http://books.google.com/books?id=xAS73NNPwCoC</marc:subfield></marc:datafield><marc:datafield tag="856" ind1="4" ind2=" "><marc:subfield code="3">Google</marc:subfield><marc:subfield code="u">http://books.google.com/books?id=b6q1C6B53B4C</marc:subfield></marc:datafield><marc:datafield tag="856" ind1="4" ind2=" "><marc:subfield code="3">Google</marc:subfield><marc:subfield code="u">http://books.google.com/books?id=kY0Jgl84p64C</marc:subfield></marc:datafield><marc:datafield tag="856" ind1="4" ind2=" "><marc:subfield code="3">Google</marc:subfield><marc:subfield code="u">http://books.google.com/books?id=ax1KIfKIPBYC</marc:subfield></marc:datafield><marc:datafield tag="856" ind1="4" ind2=" "><marc:subfield code="3">Google</marc:subfield><marc:subfield code="u">http://books.google.com/books?id=-M80bhm_apUC</marc:subfield></marc:datafield><marc:datafield tag="856" ind1="4" ind2=" "><marc:subfield code="3">Google</marc:subfield><marc:subfield code="u">http://books.google.com/books?id=yfJV1kjsujAC</marc:subfield></marc:datafield><marc:datafield tag="856" ind1="4" ind2=" "><marc:subfield code="3">Google</marc:subfield><marc:subfield code="u">http://books.google.com/books?id=uRArB2qPpb0C</marc:subfield></marc:datafield><marc:datafield tag="856" ind1="4" ind2=" "><marc:subfield code="3">Google</marc:subfield><marc:subfield code="u">http://books.google.com/books?id=a_KEi2W5e50C</marc:subfield></marc:datafield><marc:datafield tag="856" ind1="4" ind2=" "><marc:subfield code="3">Google</marc:subfield><marc:subfield code="u">http://books.google.com/books?id=pAGwfm4gCtUC</marc:subfield></marc:datafield><marc:datafield tag="856" ind1="4" ind2=" "><marc:subfield code="3">Google</marc:subfield><marc:subfield code="u">http://books.google.com/books?id=NWrfphVLiukC</marc:subfield></marc:datafield><marc:datafield tag="856" ind1="4" ind2=" "><marc:subfield code="3">Google</marc:subfield><marc:subfield code="u">http://books.google.com/books?id=rJJAIJcm3MYC</marc:subfield></marc:datafield><marc:datafield tag="856" ind1="4" ind2=" "><marc:subfield code="3">Google</marc:subfield><marc:subfield code="u">http://books.google.com/books?id=FZkINNmhHEwC</marc:subfield></marc:datafield><marc:datafield tag="856" ind1="4" ind2=" "><marc:subfield code="3">Google</marc:subfield><marc:subfield code="u">http://books.google.com/books?id=qhd8jpsTXMgC</marc:subfield></marc:datafield><marc:datafield tag="856" ind1="4" ind2=" "><marc:subfield code="3">Google</marc:subfield><marc:subfield code="u">http://books.google.com/books?id=PDJKv6OhZtEC</marc:subfield></marc:datafield><marc:datafield tag="856" ind1="4" ind2=" "><marc:subfield code="3">Google</marc:subfield><marc:subfield code="u">http://books.google.com/books?id=Nxrei-MqrygC</marc:subfield></marc:datafield><marc:datafield tag="856" ind1="4" ind2=" "><marc:subfield code="3">Google</marc:subfield><marc:subfield code="u">http://books.google.com/books?id=TjPD4qtV6rAC</marc:subfield></marc:datafield><marc:datafield tag="856" ind1="4" ind2=" "><marc:subfield code="3">Google</marc:subfield><marc:subfield code="u">http://books.google.com/books?id=CdGfXHBmjX0C</marc:subfield></marc:datafield><marc:datafield tag="856" ind1="4" ind2=" "><marc:subfield code="3">Google</marc:subfield><marc:subfield code="u">http://books.google.com/books?id=o7Y3TzAM0TYC</marc:subfield></marc:datafield><marc:datafield tag="856" ind1="4" ind2=" "><marc:subfield code="3">Google</marc:subfield><marc:subfield code="u">http://books.google.com/books?id=XZ7jeAg8lpUC</marc:subfield></marc:datafield><marc:datafield tag="856" ind1="4" ind2=" "><marc:subfield code="3">Google</marc:subfield><marc:subfield code="u">http://books.google.com/books?id=Hey0WfyrRzcC</marc:subfield></marc:datafield><marc:datafield tag="856" ind1="4" ind2=" "><marc:subfield code="3">Google</marc:subfield><marc:subfield code="u">http://books.google.com/books?id=v810Zc1h7McC</marc:subfield></marc:datafield><marc:datafield tag="856" ind1="4" ind2=" "><marc:subfield code="3">Google</marc:subfield><marc:subfield code="u">http://books.google.com/books?id=ICZULNv2vcgC</marc:subfield></marc:datafield><marc:datafield tag="856" ind1="4" ind2=" "><marc:subfield code="3">Google</marc:subfield><marc:subfield code="u">http://books.google.com/books?id=yeq5SWKdSoEC</marc:subfield></marc:datafield><marc:datafield tag="856" ind1="4" ind2=" "><marc:subfield code="3">Google</marc:subfield><marc:subfield code="u">http://books.google.com/books?id=Lj46AB7jSFwC</marc:subfield></marc:datafield><marc:datafield tag="856" ind1="4" ind2=" "><marc:subfield code="3">Google</marc:subfield><marc:subfield code="u">http://books.google.com/books?id=7aOJJykkY5UC</marc:subfield></marc:datafield><marc:datafield tag="856" ind1="4" ind2=" "><marc:subfield code="3">Google</marc:subfield><marc:subfield code="u">http://books.google.com/books?id=nkdAvTH6sZUC</marc:subfield></marc:datafield><marc:datafield tag="856" ind1="4" ind2=" "><marc:subfield code="3">Google</marc:subfield><marc:subfield code="u">http://books.google.com/books?id=NLuIlkRH6D8C</marc:subfield></marc:datafield><marc:datafield tag="856" ind1="4" ind2=" "><marc:subfield code="3">Google</marc:subfield><marc:subfield code="u">http://books.google.com/books?id=Mfl7VF0TK10C</marc:subfield></marc:datafield><marc:datafield tag="856" ind1="4" ind2=" "><marc:subfield code="3">Google</marc:subfield><marc:subfield code="u">http://books.google.com/books?id=n8mNKnuCL3sC</marc:subfield></marc:datafield><marc:datafield tag="856" ind1="4" ind2="0"><marc:subfield code="3">Google</marc:subfield><marc:subfield code="u">http://books.google.com/books?id=fd9vqT0DB8IC</marc:subfield></marc:datafield><marc:datafield tag="856" ind1="4" ind2="0"><marc:subfield code="3">Google</marc:subfield><marc:subfield code="u">http://books.google.com/books?id=uXmwgF5fdxUC</marc:subfield></marc:datafield><marc:datafield tag="856" ind1="4" ind2="0"><marc:subfield code="3">Google</marc:subfield><marc:subfield code="u">http://books.google.com/books?id=Pe0k4foY0cQC</marc:subfield></marc:datafield><marc:datafield tag="856" ind1="4" ind2="0"><marc:subfield code="3">Google</marc:subfield><marc:subfield code="u">http://books.google.com/books?id=ndoT_uub96EC</marc:subfield></marc:datafield><marc:datafield tag="856" ind1="4" ind2="0"><marc:subfield code="3">Google</marc:subfield><marc:subfield code="u">http://books.google.com/books?id=2mkz5no_N08C</marc:subfield></marc:datafield><marc:datafield tag="856" ind1="4" ind2="0"><marc:subfield code="3">Google</marc:subfield><marc:subfield code="u">http://books.google.com/books?id=8zWbjG0y_skC</marc:subfield></marc:datafield><marc:datafield tag="856" ind1="4" ind2="0"><marc:subfield code="3">Google</marc:subfield><marc:subfield code="u">http://books.google.com/books?id=evVxaPIhBtcC</marc:subfield></marc:datafield><marc:datafield tag="856" ind1="4" ind2="0"><marc:subfield code="3">Google</marc:subfield><marc:subfield code="u">http://books.google.com/books?id=Hj0CnMfJ4LcC</marc:subfield></marc:datafield><marc:datafield tag="856" ind1="4" ind2="0"><marc:subfield code="3">Google</marc:subfield><marc:subfield code="u">http://books.google.com/books?id=9ae49vuMcZYC</marc:subfield></marc:datafield><marc:datafield tag="856" ind1="4" ind2="0"><marc:subfield code="3">Google</marc:subfield><marc:subfield code="u">http://books.google.com/books?id=opdveeqjvNwC</marc:subfield></marc:datafield><marc:datafield tag="856" ind1="4" ind2="0"><marc:subfield code="3">Google</marc:subfield><marc:subfield code="u">http://books.google.com/books?id=uns8j_hoAAAC</marc:subfield></marc:datafield><marc:datafield tag="856" ind1="4" ind2="0"><marc:subfield code="3">Google</marc:subfield><marc:subfield code="u">http://books.google.com/books?id=s24lxDBIelMC</marc:subfield></marc:datafield><marc:datafield tag="856" ind1="4" ind2="0"><marc:subfield code="3">Google</marc:subfield><marc:subfield code="u">http://books.google.com/books?id=1ZoqCH-DrRAC</marc:subfield></marc:datafield><marc:datafield tag="856" ind1="4" ind2="0"><marc:subfield code="3">Google</marc:subfield><marc:subfield code="u">http://books.google.com/books?id=MV5VNcgttrcC</marc:subfield></marc:datafield><marc:datafield tag="856" ind1="4" ind2="0"><marc:subfield code="3">Google</marc:subfield><marc:subfield code="u">http://books.google.com/books?id=pP__gsRWmZoC</marc:subfield></marc:datafield><marc:datafield tag="856" ind1="4" ind2="0"><marc:subfield code="3">Google</marc:subfield><marc:subfield code="u">http://books.google.com/books?id=tDkLT-c90jsC</marc:subfield></marc:datafield><marc:datafield tag="856" ind1="4" ind2="0"><marc:subfield code="3">Google</marc:subfield><marc:subfield code="u">http://books.google.com/books?id=BARcbrsQbd8C</marc:subfield></marc:datafield><marc:datafield tag="856" ind1="4" ind2="0"><marc:subfield code="3">Google</marc:subfield><marc:subfield code="u">http://books.google.com/books?id=JLipusEYK_cC</marc:subfield></marc:datafield><marc:datafield tag="856" ind1="4" ind2="0"><marc:subfield code="3">Google</marc:subfield><marc:subfield code="u">http://books.google.com/books?id=EjTcUgI1JOIC</marc:subfield></marc:datafield><marc:datafield tag="856" ind1="4" ind2="0"><marc:subfield code="3">Google</marc:subfield><marc:subfield code="u">http://books.google.com/books?id=uBpaL832egcC</marc:subfield></marc:datafield><marc:datafield tag="856" ind1="4" ind2="0"><marc:subfield code="3">Google</marc:subfield><marc:subfield code="u">http://books.google.com/books?id=dOVzuk8pQh8C</marc:subfield></marc:datafield><marc:datafield tag="856" ind1="4" ind2="0"><marc:subfield code="3">Google</marc:subfield><marc:subfield code="u">http://books.google.com/books?id=Xy6V_v34ZwAC</marc:subfield></marc:datafield><marc:datafield tag="856" ind1="4" ind2="0"><marc:subfield code="3">Google</marc:subfield><marc:subfield code="u">http://books.google.com/books?id=EAF9aAzevAcC</marc:subfield></marc:datafield><marc:datafield tag="856" ind1="4" ind2="0"><marc:subfield code="3">Google</marc:subfield><marc:subfield code="u">http://books.google.com/books?id=yqaP7nEKzUgC</marc:subfield></marc:datafield><marc:datafield tag="856" ind1="4" ind2="0"><marc:subfield code="3">Google</marc:subfield><marc:subfield code="u">http://books.google.com/books?id=kycyiv1F8HYC</marc:subfield></marc:datafield><marc:datafield tag="856" ind1="4" ind2="0"><marc:subfield code="3">Google</marc:subfield><marc:subfield code="u">http://books.google.com/books?id=DxfDjnd7CdcC</marc:subfield></marc:datafield><marc:datafield tag="856" ind1="4" ind2="0"><marc:subfield code="3">Google</marc:subfield><marc:subfield code="u">http://books.google.com/books?id=85HbnBEYATgC</marc:subfield></marc:datafield><marc:datafield tag="856" ind1="4" ind2="0"><marc:subfield code="3">Google</marc:subfield><marc:subfield code="u">http://books.google.com/books?id=8joQF46Rtv0C</marc:subfield></marc:datafield><marc:datafield tag="856" ind1="4" ind2="0"><marc:subfield code="3">Google</marc:subfield><marc:subfield code="u">http://books.google.com/books?id=Xm0WrCN54UQC</marc:subfield></marc:datafield><marc:datafield tag="856" ind1="4" ind2="0"><marc:subfield code="3">Google</marc:subfield><marc:subfield code="u">http://books.google.com/books?id=GUAG9H6bQlQC</marc:subfield></marc:datafield><marc:datafield tag="856" ind1="4" ind2="0"><marc:subfield code="3">Google</marc:subfield><marc:subfield code="u">http://books.google.com/books?id=wUIwtpixKPYC</marc:subfield></marc:datafield><marc:datafield tag="856" ind1="4" ind2="0"><marc:subfield code="3">Google</marc:subfield><marc:subfield code="u">http://books.google.com/books?id=_TeNHYp9zUQC</marc:subfield></marc:datafield><marc:datafield tag="856" ind1="4" ind2="0"><marc:subfield code="3">Google</marc:subfield><marc:subfield code="u">http://books.google.com/books?id=XIgIaITuNeMC</marc:subfield></marc:datafield><marc:datafield tag="856" ind1="4" ind2="0"><marc:subfield code="3">Google</marc:subfield><marc:subfield code="u">http://books.google.com/books?id=ZwlWI14MhAQC</marc:subfield></marc:datafield><marc:datafield tag="856" ind1="4" ind2="0"><marc:subfield code="3">Google</marc:subfield><marc:subfield code="u">http://books.google.com/books?id=KuZTu2GQFvgC</marc:subfield></marc:datafield><marc:datafield tag="856" ind1="4" ind2="0"><marc:subfield code="3">Google</marc:subfield><marc:subfield code="u">http://books.google.com/books?id=crxJACjDLOgC</marc:subfield></marc:datafield><marc:datafield tag="856" ind1="4" ind2="0"><marc:subfield code="3">Google</marc:subfield><marc:subfield code="u">http://books.google.com/books?id=LysKhC6_1XsC</marc:subfield></marc:datafield><marc:datafield tag="856" ind1="4" ind2="0"><marc:subfield code="3">Google</marc:subfield><marc:subfield code="u">http://books.google.com/books?id=JoeKgnA1IXcC</marc:subfield></marc:datafield><marc:datafield tag="856" ind1="4" ind2="0"><marc:subfield code="3">Google</marc:subfield><marc:subfield code="u">http://books.google.com/books?id=zKDyJEjssJMC</marc:subfield></marc:datafield><marc:datafield tag="856" ind1="4" ind2="0"><marc:subfield code="3">Google</marc:subfield><marc:subfield code="u">http://books.google.com/books?id=X1Rq4r3yazgC</marc:subfield></marc:datafield><marc:datafield tag="856" ind1="4" ind2="0"><marc:subfield code="3">Google</marc:subfield><marc:subfield code="u">http://books.google.com/books?id=LqIjxx9rxjsC</marc:subfield></marc:datafield><marc:datafield tag="856" ind1="4" ind2="0"><marc:subfield code="3">Google</marc:subfield><marc:subfield code="u">http://books.google.com/books?id=P0PpBXShF0wC</marc:subfield></marc:datafield><marc:datafield tag="856" ind1="4" ind2="0"><marc:subfield code="3">Google</marc:subfield><marc:subfield code="u">http://books.google.com/books?id=miGWSbsUvcwC</marc:subfield></marc:datafield><marc:datafield tag="856" ind1="4" ind2="0"><marc:subfield code="3">Google</marc:subfield><marc:subfield code="u">http://books.google.com/books?id=aUvtb_YVoQ4C</marc:subfield></marc:datafield><marc:datafield tag="856" ind1="4" ind2="0"><marc:subfield code="3">Google</marc:subfield><marc:subfield code="u">http://books.google.com/books?id=g3YI5wDtvx0C</marc:subfield></marc:datafield><marc:datafield tag="856" ind1="4" ind2="0"><marc:subfield code="3">Google</marc:subfield><marc:subfield code="u">http://books.google.com/books?id=Vj733-Hq4scC</marc:subfield></marc:datafield><marc:datafield tag="856" ind1="4" ind2="0"><marc:subfield code="3">Google</marc:subfield><marc:subfield code="u">http://books.google.com/books?id=B7H4imTWbqsC</marc:subfield></marc:datafield><marc:datafield tag="856" ind1="4" ind2="0"><marc:subfield code="3">Google</marc:subfield><marc:subfield code="u">http://books.google.com/books?id=kaqcUHc0Kq4C</marc:subfield></marc:datafield><marc:datafield tag="856" ind1="4" ind2="0"><marc:subfield code="3">Google</marc:subfield><marc:subfield code="u">http://books.google.com/books?id=sNHER0f8HKMC</marc:subfield></marc:datafield><marc:datafield tag="856" ind1="4" ind2="0"><marc:subfield code="3">Google</marc:subfield><marc:subfield code="u">http://books.google.com/books?id=Pj1RGOE2ag4C</marc:subfield></marc:datafield><marc:datafield tag="856" ind1="4" ind2="0"><marc:subfield code="3">Google</marc:subfield><marc:subfield code="u">http://books.google.com/books?id=596GnJPxG6cC</marc:subfield></marc:datafield><marc:datafield tag="856" ind1="4" ind2="0"><marc:subfield code="3">Google</marc:subfield><marc:subfield code="u">http://books.google.com/books?id=P1UbFDkEf60C</marc:subfield></marc:datafield><marc:datafield tag="856" ind1="4" ind2="0"><marc:subfield code="3">Google</marc:subfield><marc:subfield code="u">http://books.google.com/books?id=7JLHnXbnGW8C</marc:subfield></marc:datafield><marc:datafield tag="856" ind1="4" ind2="0"><marc:subfield code="3">Google</marc:subfield><marc:subfield code="u">http://books.google.com/books?id=zyqwOMBLmjMC</marc:subfield></marc:datafield><marc:datafield tag="856" ind1="4" ind2="0"><marc:subfield code="3">Google</marc:subfield><marc:subfield code="u">http://books.google.com/books?id=9BPmU7JV3z0C</marc:subfield></marc:datafield><marc:datafield tag="856" ind1="4" ind2="0"><marc:subfield code="3">Google</marc:subfield><marc:subfield code="u">http://books.google.com/books?id=Pw3zZgawFbwC</marc:subfield></marc:datafield><marc:datafield tag="856" ind1="4" ind2="0"><marc:subfield code="3">Google</marc:subfield><marc:subfield code="u">http://books.google.com/books?id=Uvdn01odXeoC</marc:subfield></marc:datafield><marc:datafield tag="856" ind1="4" ind2="0"><marc:subfield code="3">Google</marc:subfield><marc:subfield code="u">http://books.google.com/books?id=3Ac0IxHfsR4C</marc:subfield></marc:datafield><marc:datafield tag="856" ind1="4" ind2="0"><marc:subfield code="3">Google</marc:subfield><marc:subfield code="u">http://books.google.com/books?id=fhnGaAipbAMC</marc:subfield></marc:datafield><marc:datafield tag="856" ind1="4" ind2="0"><marc:subfield code="3">Google</marc:subfield><marc:subfield code="u">http://books.google.com/books?id=wZauG-p6NagC</marc:subfield></marc:datafield><marc:datafield tag="856" ind1="4" ind2="0"><marc:subfield code="3">Google</marc:subfield><marc:subfield code="u">http://books.google.com/books?id=jIonOjfrzcIC</marc:subfield></marc:datafield><marc:datafield tag="856" ind1="4" ind2="0"><marc:subfield code="3">Google</marc:subfield><marc:subfield code="u">http://books.google.com/books?id=jnGKqGDewKoC</marc:subfield></marc:datafield><marc:datafield tag="856" ind1="4" ind2="0"><marc:subfield code="3">Google</marc:subfield><marc:subfield code="u">http://books.google.com/books?id=8AC4SCXw8dwC</marc:subfield></marc:datafield><marc:datafield tag="856" ind1="4" ind2="0"><marc:subfield code="3">Google</marc:subfield><marc:subfield code="u">http://books.google.com/books?id=uNlRysdh7gQC</marc:subfield></marc:datafield><marc:datafield tag="856" ind1="4" ind2="0"><marc:subfield code="3">Google</marc:subfield><marc:subfield code="u">http://books.google.com/books?id=40g0Hg9uPIwC</marc:subfield></marc:datafield><marc:datafield tag="856" ind1="4" ind2="0"><marc:subfield code="3">Google</marc:subfield><marc:subfield code="u">http://books.google.com/books?id=6BMuLoIfwcoC</marc:subfield></marc:datafield><marc:datafield tag="856" ind1="4" ind2="0"><marc:subfield code="3">Google</marc:subfield><marc:subfield code="u">http://books.google.com/books?id=xt0xAAAAIAAJ</marc:subfield></marc:datafield><marc:datafield tag="856" ind1="4" ind2="0"><marc:subfield code="3">Google, no.7513 1972</marc:subfield><marc:subfield code="u">http://books.google.com/books?id=0WnlAAAAMAAJ</marc:subfield></marc:datafield><marc:datafield tag="856" ind1="4" ind2="0"><marc:subfield code="3">Google, no.9946 1980</marc:subfield><marc:subfield code="u">http://books.google.com/books?id=4WnlAAAAMAAJ</marc:subfield></marc:datafield><marc:datafield tag="856" ind1="4" ind2="0"><marc:subfield code="3">Google, no.9980 1980</marc:subfield><marc:subfield code="u">http://books.google.com/books?id=4mnlAAAAMAAJ</marc:subfield></marc:datafield><marc:datafield tag="856" ind1="4" ind2="0"><marc:subfield code="u">http://search.ebscohost.com/login.aspx?CustID=s3136966&amp;groupid=main&amp;authtype=cookie,ip,guest&amp;db=edspub&amp;type=44&amp;direct=true&amp;site=pfi-live&amp;bQuery=IS%200083-0186</marc:subfield><marc:subfield code="z">Full-text via EUI LINKS</marc:subfield></marc:datafield><marc:datafield tag="856" ind1="4" ind2="0"><marc:subfield code="u">http://ezproxy.canterbury.ac.nz/login?url=https://heinonline.org/HOL/Index?collection=ustreaties&amp;index=ustreaties/tias</marc:subfield></marc:datafield><marc:datafield tag="856" ind1="4" ind2="0"><marc:subfield code="u">https://heinonline.org/HOL/Index?collection=ustreaties&amp;index=ustreaties/tias</marc:subfield><marc:subfield code="z">1982 to 2014</marc:subfield></marc:datafield><marc:datafield tag="856" ind1=" " ind2=" "><marc:subfield code="u">http://imp-primo.hosted.exlibrisgroup.com/openurl/44IMP/44IMP_services_page?u.ignore_date_coverage=true&amp;rft.mms_id=999386770001591</marc:subfield><marc:subfield code="p">5351335160001591</marc:subfield></marc:datafield><marc:datafield tag="994" ind1=" " ind2=" "><marc:subfield code="a">C0</marc:subfield><marc:subfield code="b">GPO</marc:subfield></marc:datafield></marc:record>